3166 5238
785 263 791 280 '
839 305 995 416 „if-⁴..

354 511 525 593 presentes
541 505 585 576 ed
600 506 796 576 instanciam
812 505 963 591 parcium
974 507 1194 576 concessimus
1221 507 1358 590 litteras,
1372 505 1477 591 sigilli

354 615 456 684 nostri
471 613 646 686 munimine
661 615 844 686 roboratas.
863 615 984 687 Datum
1001 615 1118 699 quinta
1133 615 1217 686 feria
1232 616 1382 705 proxime
1396 619 1477 703 post

353 720 536 807 quindenus
551 723 666 812 Peroe,
682 746 767 828 euno
784 725 915 796 Domini
928 721 977 794 Ψ
993 724 1065 795 00⁰
1080 725 1293 812 nonogesimo
1311 733 1413 795 sexto.

569 937 704 1012 (uerene
716 939 748 1001 dr
760 938 922 999 lirnhsber
933 939 973 998 id.
987 955 1024 998 m.
1037 939 1059 998 1.
1078 940 1140 1002 ket.
1153 939 1215 1000 193.
1227 935 1259 1011 l.)

780 1248 1046 1269 Π-ῄ-ι-

351 2065 400 2138 Aa
416 2067 536 2156 erdelyi
550 2067 708 2156 sepiolae
723 2067 1001 2156 dirocpedplecolc,
1028 2067 1108 2156 Ιιορρ,ι
1131 2067 1332 2154 Hidcplcocaa'
1347 2066 1480 2154 Milon,
1582 2018 1583 2035 d

350 2175 539 2243 odeodolms'
564 2175 757 2241 loleosoloook
772 2180 831 2240 odr
847 2177 993 2262 dpitdsde
1018 2171 1176 2238 olicalmcs
1195 2175 1302 2260 dapyot
1320 2176 1352 2238 ss
1367 2176 1478 2239 annale

540 2285 833 2372 rzcmszddsdpddoo
850 2285 917 2351 leod
934 2283 1021 2350 crddt
1036 2281 1166 2348 clodott.
1183 2284 1282 2351 1296.

457 2503 647 2591 Capitulum
662 2503 814 2572 Ecclesio
823 2501 918 2570 Beati
933 2503 1119 2592 Mychaelis
1134 2501 1340 2592 Archangeli
1352 2503 1476 2569 Trans·

350 2609 490 2680 silvanie
507 2611 657 2679 omuibus
674 2609 795 2679 Christi
813 2609 967 2680 fidelibus
983 2616 1171 2698 presentem
1186 2611 1348 2698 paginam
1363 2609 1477 2696 inspe-

349 2718 449 2786 ctoris
466 2719 605 2786 salutem
623 2718 658 2785 in
674 2719 818 2786 omnium
834 2719 1009 2787 salvatore.
1030 2717 1195 2797 Quoniam
1212 2736 1253 2784 ea
1266 2735 1328 2800 que
1345 2717 1379 2782 in
1395 2723 1477 2785 tem·

347 2845 427 2912 pore
442 2833 583 2910 aguntur
599 2845 641 2895 ue
658 2846 729 2895 cum
745 2832 889 2913 tempore
906 2827 1089 2913 elabantur,
1115 2827 1191 2916 ipsa
1207 2833 1285 2894 eota
1299 2826 1346 2894 ad
1363 2831 1475 2893 eante-

347 2935 426 3019 lam,
441 2941 474 3003 et
485 2942 521 3003 ut
531 2935 653 3004 firmins
664 2941 751 3004 stent
762 2941 794 3002 et
804 2934 991 3022 perdurent,
1010 2936 1194 3023 patrocinio
1204 2935 1389 3004 litterarum
1399 2953 1477 3002 oon-

347 3049 525 3113 sveuerunt
540 3035 697 3110 roborari.
708 3041 848 3111 Proinde
864 3041 1093 3111 universorum
1109 3043 1246 3125 noticia,
1262 3043 1330 3110 tam
1346 3061 1479 3129 presen-

348 3152 435 3220 cium
451 3171 548 3238 quam
565 3151 755 3236 futurorum,
773 3151 888 3220 harum
904 3153 990 3218 serie
1008 3149 1234 3236 declaramus
1251 3151 1339 3237 quod
1354 3152 1480 3220 nobilis

349 3261 478 3334 iuvenis
502 3259 657 3347 Mychael
682 3259 768 3326 filius
784 3259 921 3328 Comitis
937 3257 1062 3327 Thome
1078 3259 1121 3327 de
1139 3259 1349 3349 Hydeghorz
1365 3279 1423 3344 pro
1441 3279 1480 3326 ee

349 3375 382 3436 ct
405 3389 465 3456 pro
492 3369 632 3436 Nicolao
648 3367 750 3435 fratre
765 3385 824 3434 suo
848 3363 986 3454 carnali,
1004 3387 1116 3436 coram
1132 3369 1229 3436 nobis
1255 3368 1481 3455 personaliter

348 3477 564 3560 eonstitutus,
593 3477 764 3546 confessus
790 3481 842 3544 est
857 3497 957 3544 vuum
972 3484 1116 3544 montem
1143 3477 1312 3544 valentem
1337 3498 1398 3562 pro
1414 3497 1481 3563 ope

350 3587 463 3672 castri,
481 3607 551 3656 oum
563 3587 707 3669 quadam
716 3583 847 3654 modica
863 3585 1026 3672 particula
1041 3594 1129 3654 terre
1144 3593 1178 3654 et
1194 3585 1291 3654 silwa
1306 3583 1352 3654 ad
1367 3587 1480 3676 ipsum

348 3701 492 3766 montem
516 3695 697 3762 inmediate
721 3693 918 3782 pertinenti,
945 3694 987 3760 de
1012 3695 1157 3778 quadam
1182 3695 1396 3782 possessione
1414 3711 1479 3762 sna

348 3804 445 3874 Bulla
469 3809 607 3888 vocata,
631 3803 745 3888 metis,
761 3805 792 3872 ci
808 3802 914 3888 signis
931 3809 1124 3890 separatum
1150 3807 1184 3869 et
1203 3801 1410 3882 distinctum,
1435 3823 1480 3870 ex

347 3912 436 3980 bona
450 3910 620 3980 voluntate
636 3910 747 3979 fratris
763 3911 814 3980 sui
830 3909 986 4000 prelibati
1002 3931 1043 3978 ao
1059 3911 1202 3980 aliorum
1214 3917 1433 4000 cognatorum
1445 3916 1482 3978 et

346 4018 602 4108 propinquorum
619 4037 750 4086 snorum
766 4019 989 4106 permissione,
1006 4039 1067 4105 pro
1083 4020 1202 4106 viginti
1212 4020 1336 4090 marcis
1352 4019 1411 4087 fini
1425 4041 1480 4089 ar-

348 4124 448 4212 genti,
463 4127 592 4212 popnlis
609 4128 650 4195 de
665 4127 746 4194 uilla
760 4126 931 4212 Heoholm,
947 4147 1007 4214 pro
1024 4127 1143 4211 quibus
1161 4133 1195 4196 et
1212 4148 1254 4196 ex
1271 4127 1391 4213 quibus
1408 4126 1479 4196 An-

346 4231 444 4301 dreas
460 4231 546 4302 filius
562 4235 723 4305 Hermoni
744 4235 789 4324 ,de
804 4235 879 4323 ipsa
894 4233 975 4304 uilla
992 4235 1189 4324 comparuit,
1208 4233 1406 4306 vendidisse
1415 4287 1424 4322 ,
1442 4243 1481 4306 et

345 4339 453 4426 ipsam
477 4342 651 4426 pecuniam
678 4341 764 4410 idern
789 4341 943 4431 Mychael
967 4344 1118 4430 plenarie
1136 4345 1308 4432 recepisse
1332 4343 1418 4414 dixit
1434 4345 1481 4415 ab

348 4445 483 4530 eisdem,
500 4449 679 4536 obligando
691 4471 728 4519 se
738 4448 844 4521 dictus
854 4451 1018 4540 llyohasl,
1031 4461 1067 4522 vt
1080 4455 1110 4523 si
1125 4475 1285 4544 processu
1301 4455 1478 4544 temporis,

345 4549 483 4642 predicti
506 4557 683 4640 populide
706 4559 887 4645 Heoholm,
905 4561 1038 4630 racione
1064 4562 1146 4634 dicti
1172 4563 1293 4631 montis
1320 4564 1376 4631 vel
1392 4563 1472 4632 atti-

347 4657 496 4735 neneiom
511 4681 639 4732 suorum
647 4664 875 4754 predictorum,
892 4687 950 4754 per
966 4671 1163 4761 quempiam
1178 4674 1401 4758 inpeterentnr
1420 4673 1478 4739 vcl
