3214 5238
680 249 820 354 gn

188 447 333 518 curobat.
350 447 427 514 Filii
442 446 576 514 Henrici
591 455 754 515 venerunt
771 444 830 534 (od
845 450 970 534 Regem
980 446 1022 535 i),
1041 455 1074 542 et
1089 439 1175 516 filius
1192 454 1301 518 vester

186 551 274 643 (cum
290 551 390 640 illis);
406 553 555 622 Turohos
572 556 688 641 accipit
713 555 815 624 filiam
830 556 965 624 Henrioi
989 555 1074 622 Boni
1100 557 1134 625 in
1150 576 1304 646 uxorem,

187 684 251 750 que
266 664 384 749 pulcra
400 669 460 743 est,
477 669 513 728 et
524 681 623 745 quam
638 661 723 749 oldi5
742 671 776 730 et
790 685 841 732 me
856 665 903 733 ibi
919 665 1079 733 existente
1096 667 1207 732 omnio
1223 687 1297 732 oon-

187 770 323 840 cordata
339 775 441 838 erant.
458 772 622 839 Mattheus
638 773 679 839 de
696 769 922 860 (Trenchinio)
948 775 993 840 ad
1017 774 1175 842 mandata
1192 773 1306 862 Regis,

187 878 296 949 etalii
320 879 412 946 multi
427 878 602 968 Berones,
629 879 684 961 qui
709 883 739 946 ei
763 879 893 948 iderant
917 881 1058 948 rebelles
1085 887 1117 946 et
1142 881 1308 966 infideles,

187 988 344 1076 Episcopi
368 1005 479 1076 omnes
497 994 530 1052 et
546 987 824 1074 Archiepiscopus
843 987 1036 1057 GoloecnsIs
1063 995 1138 1055 sunl
1164 1009 1235 1055 cum
1253 989 1311 1058 do-

188 1098 276 1164 mino
292 1097 392 1182 Rege,
411 1095 553 1161 etmulti
569 1115 610 1162 ex
627 1096 675 1162 cis
691 1103 785 1164 erant
801 1097 833 1160 in
845 1097 944 1165 (luris
961 1097 1085 1182 (Regis,
1104 1095 1193 1184 dum)
1211 1099 1254 1162 ab
1271 1117 1309 1164 eo

187 1191 320 1272 recessi.
338 1205 408 1289 Ego
425 1201 509 1271 vado
527 1204 571 1270 ad
589 1203 734 1290 Curiam,
759 1224 857 1288 quam
875 1206 975 1272 cicius
992 1223 1147 1290 possum3
1163 1205 1307 1285 faeiatis,

187 1314 273 1397 quod
291 1311 467 1379 concordia
482 1311 716 1380 firmeturcum
734 1314 809 1380 aliis
827 1313 867 1379 de
884 1312 1064 1380 Brundulo.
1089 1315 1161 1379 Rex
1176 1315 1309 1382 Alama-

188 1419 242 1488 nie
259 1419 347 1489 cirea
363 1420 483 1487 festum
499 1419 595 1485 Beati
610 1419 785 1488 Michaelis
812 1426 881 1486 erat
897 1415 1059 1505 (Vienne3
1088 1426 1121 1486 et
1145 1422 1306 1507 promisit,

189 1526 278 1616 quod
293 1523 367 1612 suo)
393 1526 516 1594 auxilio
542 1546 654 1595 omnes
679 1531 826 1595 Barones
851 1526 1000 1595 infideles
1018 1534 1059 1595 el
1084 1523 1314 1620 inobedientes

190 1636 322 1707 domino
339 1636 421 1720 Regi
430 1636 600 1718 Hungorie
616 1640 672 1704 aut
689 1640 721 1704 vi
737 1643 795 1702 aut
806 1656 916 1704 amore
929 1635 973 1702 od
992 1639 1061 1722 ejus
1081 1635 1310 1705 obedienciam

190 1745 331 1812 reducet.
358 1743 449 1814 Elin
474 1744 705 1813 estatefuturo
729 1743 870 1812 intendit
894 1744 1095 1812 descendere
1117 1747 1148 1810 in
1167 1741 1314 1831 (Hungo-

190 1855 274 1922 riam
301 1858 416 1920 contra
441 1850 534 1935 illos,
560 1849 631 1938 qui)
660 1872 725 1918 non
751 1861 827 1918 sont
851 1852 892 1918 de
915 1852 1064 1937 partibus
1091 1853 1164 1920 illis.
1191 1854 1315 1936 Magna

118 2005 120 2008 -
192 1981 314 2046 guerra
332 1967 383 2028 est
397 1957 482 2027 inter
498 1959 662 2028 dominum
680 1961 907 2035 Patriarchom
923 1961 1193 2047 Aquilegiensem
1209 1965 1241 2026 et
1259 1961 1316 2028 do·

191 2069 311 2136 minum
329 2067 508 2138 serardum
534 2067 750 2156 ‹lesamin03
777 2077 809 2136 et
825 2069 977 2136 dominus
1003 2066 1170 2136 Gerendus
1188 2067 1229 2134 de
1247 2070 1308 2136 Oa-

192 2176 296 2245 stellis
314 2182 363 2242 est
381 2195 453 2241 eum
474 2197 596 2261 magna
612 2173 782 2263 (potencia
798 2176 832 2242 in
849 2173 945 2261 agro)
964 2175 1144 2242 Veronensi
1162 2195 1236 2240 oum
1252 2176 1315 2241 do·
1438 2191 1440 2194 ·

192 2285 279 2351 mino
295 2285 484 2369 Potricrca,
512 2292 545 2352 et
561 2287 672 2366 multe·
688 2295 800 2351 castra
826 2284 867 2351 de
894 2284 1043 2352 districtu
1067 2283 1313 2352 rebellaverunt

59 2435 65 2443 ·
191 2393 322 2460 domino
340 2370 487 2461 sendo
504 2389 544 2460 de
562 2392 709 2460 Camino.
738 2393 858 2460 Datum
875 2391 1026 2460 Veneriis
1047 2392 1101 2459 die
1116 2390 1236 2458 XVIII.
1256 2391 1316 2458 Se·

192 2499 352 2588 ptembris
370 2482 496 2584 (ledo).

195 2695 234 2767 (A
249 2693 359 2768 „eopia
373 2695 408 2752 de
421 2691 667 2754 commemorioli“
688 2693 780 2752 czimii
799 2697 948 2754 velenczei
967 2695 1154 2767 dilamkbnyv
1172 2697 1194 2752 Ι.
1207 2691 1318 2752 koletd-

513 2821 514 2828 x
640 2784 868 2858 meme

620 3084 894 3097 ...η-ῃ...-
