3188 5238
620 415 662 482 97

82 616 168 678 etam
182 618 300 678 terram
309 612 438 699 Mysser
455 619 605 682 uocatam
615 635 689 682 oum
705 613 855 682 omnibus
872 613 1065 680 utilitatibus
1082 614 1149 680 suis
1166 617 1200 678 et

80 719 293 806 pertineneijs
318 720 387 788 suis
404 720 566 788 uniuersis
593 723 653 789 sub
671 722 795 790 eisdem
812 724 907 789 metis
925 729 957 790 et
982 722 1149 805 terminis,
1165 720 1198 786 in

81 831 193 912 quibus
217 850 277 914 per
302 828 427 912 priores
443 849 655 913 possessores
681 830 832 900 habitata
857 830 964 898 extitit
979 836 1012 896 et
1031 847 1198 915 possessa,

81 935 120 1001 de
136 938 251 1021 gracia
267 938 406 1022 speciali
422 941 591 1024 sepedicto
609 939 717 1007 villico
742 945 852 1005 nostro
878 940 1071 1008 Posoniensi
1097 946 1130 1005 et
1146 958 1198 1004 eo.-

80 1065 148 1110 rum
166 1042 252 1132 (tgy)
270 1045 455 1134 heredibus,
473 1049 692 1131 heredumque
709 1069 839 1115 suorum
864 1049 1105 1116 suecessoribus
1131 1048 1198 1114 vni-

84 1151 205 1238 uersis,
232 1153 399 1240 dedimus,
426 1155 620 1225 donauimus
637 1164 669 1225 et
686 1157 880 1224 contulimus
899 1158 975 1242 jure
994 1163 1150 1243 perpetuo
1167 1162 1205 1251 ot¹

82 1263 343 1332 inenodabiliter
358 1264 592 1349 possidendam
603 1273 635 1332 et
652 1265 837 1336 tenendam.
855 1266 892 1332 In
909 1267 1001 1334 ouius
1018 1268 1064 1334 rei
1080 1282 1194 1332 memo·

80 1373 159 1440 riam
176 1381 434 1459 perpetuamque
444 1374 629 1440 firmitatem
646 1381 816 1460 presentes
834 1375 1055 1443 concessimus
1070 1375 1200 1441 litteras

81 1480 220 1566 duplicis
238 1480 341 1565 sigilli
358 1481 461 1548 nostri
477 1481 654 1547 munimine
674 1482 857 1548 roboratas.
873 1481 994 1547 Datum
1011 1500 1069 1566 per
1084 1501 1201 1548 manus

80 1587 214 1657 disereti
239 1590 300 1655 viri
324 1591 475 1674 magistri
500 1588 665 1656 Theodori
680 1588 834 1657 Albensis
860 1589 1009 1656 Eeelesie
1035 1590 1201 1673 Propositi

79 1700 154 1765 aule
169 1704 281 1764 nostre
292 1696 567 1767 Vise-*Oaneellari
584 1695 671 1786 (lgy)
683 1698 794 1765 dileeti
810 1705 844 1763 et
859 1699 965 1764 tidelis
976 1700 1088 1766 nostri.
1105 1701 1200 1767 Anno

80 1806 214 1873 Domini
231 1805 278 1870 Μ0
295 1803 363 1874 000
379 1806 593 1891 nonagesimo
609 1815 735 1890 quarto,
751 1806 856 1890 Regni
871 1813 979 1873 autent
995 1807 1098 1874 nostri
1115 1825 1200 1873 anno

80 1924 209 1999 quarto.

79 2110 195 2182 (Kiirva
210 2129 228 2166 a
246 2094 528 2182 pozsonylrdptalani
550 2109 685 2180 orsndgos
707 2108 891 2166 levdltdrnak
914 2111 1011 2183 Capsa
1028 2109 1105 2165 XIV.
1118 2110 1201 2166 Faue.

81 2203 121 2260 12.
134 2202 198 2257 eik
212 2199 367 2270 snamdbol,
381 2202 516 2273 melyben
529 2198 616 2273 dtirja
629 2219 662 2256 ez
675 2201 803 2257 okiratot
816 2217 930 2272 ugysue
944 2200 1083 2256 Herculia
1097 2200 1201 2272 „Iudex

64 2291 215 2352 ⁴(liuuitatis
235 2291 356 2349 Poson.“
376 2289 511 2348 ke'rdsdre
525 2309 543 2346 a
562 2292 701 2363 pozsonyi
720 2289 877 2364 kdptelan3
893 2293 1069 2364 „predictum
1088 2290 1202 2364 priuile-

79 2386 154 2456 gium
167 2401 228 2440 non
242 2383 383 2453 abrasum,
403 2399 461 2439 non
474 2381 674 2452 cancellatum,
688 2399 740 2437 neo
751 2381 780 2434 in
794 2381 892 2453 aliqua
902 2384 946 2437 sui
959 2389 1041 2454 parte
1055 2381 1202 2451 uiniatum,

81 2474 114 2530 de
127 2473 219 2530 uerbo
233 2473 270 2529 ad
293 2473 411 2529 uerbum
425 2475 531 2528 nostris
544 2473 647 2528 litteris
669 2470 899 2543 priuilegialibus
917 2472 1004 2527 inseri
1017 2470 1145 2541 fecimus,
1155 2469 1204 2525 no-

81 2571 138 2622 stro
152 2564 252 2638 sigillo
264 2563 434 2636 sigillantes.
444 2565 553 2620 Datum
564 2564 594 2618 in
607 2564 717 2618 oetauis
728 2559 895 2620 Natiuitatis
905 2562 940 2618 B.
952 2562 970 2616 J
973 2562 1095 2618 ohannis
1106 2561 1204 2633 Bapti-

81 2663 131 2711 ste.
145 2653 217 2727 (Jnl.
229 2651 266 2724 1.)
281 2673 356 2710 auno
369 2655 453 2710 Dom.
468 2655 510 2710 Μ0
523 2652 603 2710 000ο
614 2656 711 2709 tercio.
724 2653 856 2725 Hdrtydn
869 2651 940 2722 inve,
955 2651 1035 2725 uljdn
1048 2651 1083 2706 A.
1095 2651 1128 2706 Β.
1142 2651 1173 2706 0.
1187 2669 1204 2707 a

81 2746 143 2820 meg
156 2744 193 2819 dp
207 2745 308 2817 peesdt
319 2751 403 2803 veros
414 2745 494 2802 soher
506 2746 635 2816 selymen
644 2742 723 2819 sugg.
737 2744 763 2799 A
776 2743 866 2815 ndrjel
878 2744 959 2801 lorti
972 2743 1082 2802 snavak
1095 2759 1130 2798 an
1144 2759 1204 2796 ere-

431 2837 540 2894 detibc'tl
552 2835 731 2908 kitepetvek.
747 2838 866 2904 Kaous.)

144 4867 414 4914 nonsummum.
425 4869 492 4908 DlPL.
503 4863 573 4906 -10,
588 4821 595 4844 ι

540 5125 550 5158 O
