3166 5238
438 393 440 396 ’
550 417 707 517 ee,

65 618 170 703 quiete
180 605 424 706 possidendam,
440 612 613 682 tenendam
630 613 868 682 ethabendam.
885 613 1078 682 Econuerso
1094 634 1168 681 vero

62 727 133 814 ipse
149 725 308 814 Magister
323 725 527 812 Dominicus,
545 725 672 811 prefato
689 725 858 812 Stephano
869 725 935 794 filio
952 725 1027 794 Jule
1039 745 1172 812 posses·
1257 711 1259 715 ¹

62 839 171 906 siones
186 835 509 905 Hahothmunustura
519 887 528 921 ‚
545 836 640 903 simul
657 854 728 902 eum
751 821 1013 921 possessionibus
1037 837 1165 920 Hudus,
1271 821 1273 829 ¹

62 945 212 1028 Arkusd‚
230 951 264 1011 et
279 947 374 1035 Syles
391 950 526 1015 vocatas
536 998 544 1032 ,
563 965 632 1013 cum
647 945 793 1012 omnibus
812 944 1006 1013 utilitatibus
1024 951 1056 1011 et
1071 945 1166 1032 perti-

62 1054 187 1141 neneijs
204 1054 271 1121 suis
294 1054 457 1121 uniuersis
484 1055 518 1121 in
535 1052 696 1120 comitatu
721 1054 763 1121 de
783 1051 912 1122 Zoboeb
937 1053 1172 1138 existentibus3

62 1158 139 1229 item
164 1164 408 1246 possessionem
426 1163 536 1248 Ohege
560 1167 712 1231 vocatam
736 1166 770 1228 in
786 1162 901 1231 eodem
927 1162 1089 1230 comitatu
1105 1163 1163 1229 Zo-

63 1269 146 1338 booh
163 1292 236 1340 eum
251 1271 392 1356 tributo,
418 1275 500 1354 qnod
516 1273 550 1339 in
575 1269 690 1339 eadem
715 1271 923 1357 possessione
949 1271 1058 1358 Ohege
1083 1267 1195 1356 exigi

65 1380 243 1462 consueuit,
261 1380 356 1446 simul
374 1401 448 1448 cum
464 1379 654 1464 attinenoijs
671 1385 703 1445 et
719 1379 913 1447 vtilitatibus
924 1401 933 1461 ;
946 1383 1022 1446 item
1039 1393 1169 1463 posses·
1194 1373 1199 1384 ‘

64 1487 189 1554 sionem
206 1489 423 1555 Buehtcfulde
440 1494 590 1556 vocatam
608 1488 642 1554 in
653 1487 818 1556 comitatu
833 1484 875 1553 de
889 1487 1023 1555 'I'hurna
1034 1487 1173 1554 existen·

67 1604 148 1678 tem,
176 1597 273 1664 simul
289 1618 361 1664 curn
379 1597 527 1664 omnibus
554 1597 747 1664 utilitatibus
764 1603 797 1662 et
813 1596 1024 1681 pertineneijs
1040 1593 1084 1662 ad
1100 1614 1176 1662 eas-

68 1703 139 1771 dem
154 1702 421 1792 (spectantibus),
446 1704 590 1774 dedisset
606 1711 639 1770 et
654 1690 848 1772 tradidisset
858 1709 1016 1789 perpetuo
1025 1707 1101 1792 jure
1117 1705 1172 1771 do-

67 1813 156 1899 minij
175 1814 263 1881 dieto
279 1813 446 1900 Stephano
471 1812 539 1880 tilio
556 1812 630 1879 Jule
646 1819 678 1880 et
694 1813 761 1880 suis
787 1811 978 1894 heredibus,
1005 1812 1173 1880 heredum-

69 1942 129 2006 que
145 1943 275 1991 suorum
291 1922 535 1991 suecessoribus
552 1921 792 2006 possidendas,
817 1919 986 1987 habendas
1004 1922 1126 2004 pariter
1142 1925 1175 1986 et

67 2033 245 2116 tenendas;
273 2031 457 2116 obligantes
484 2050 520 2096 se
536 2036 603 2096 tam
628 2029 777 2114 prefatus
793 2027 949 2114 Magister
973 2029 1175 2114 Dominicus,

69 2159 162 2224 qnam
181 2139 366 2225 Stephanus
391 2139 478 2205 iilius
493 2141 586 2226 Jule,
614 2137 699 2222 quod
717 2157 795 2204 unus
822 2141 960 2204 alterum
983 2137 1054 2204 vice
1068 2145 1176 2228 mutua

69 2252 108 2318 ab
124 2249 215 2316 omni
230 2249 439 2335 imposicione
457 2253 489 2313 et
515 2248 649 2316 accione
667 2255 781 2313 eontra
806 2248 989 2332 quempiam
1014 2247 1066 2314 rel
1082 2265 1174 2330 quos·
1234 2244 1237 2249 ’

68 2358 144 2426 libet
161 2357 317 2442 expedire
344 2363 494 2424 tencatur
519 2355 659 2442 propriis
683 2356 852 2422 laboribus
878 2363 910 2421 et
925 2357 1100 2442 expensis3
1126 2376 1180 2422 oa·
1241 2365 1244 2373 ’

67 2469 181 2532 rentes
200 2473 313 2548 partes
330 2463 371 2532 de
388 2464 521 2530 traditis
549 2471 582 2530 et
598 2465 793 2549 permutatis
818 2463 861 2527 ad
887 2465 1026 2531 invicem
1052 2482 1182 2547 posses·

69 2574 214 2640 sionibus
229 2575 387 2658 predictis
404 2575 445 2640 de
464 2573 630 2642 evincione
646 2572 839 2657 particulari
855 2578 887 2635 et
903 2573 1048 2656 generali
1065 2571 1108 2636 ad
1125 2572 1180 2637 in-

69 2682 169 2759 vicem
186 2699 223 2746 sc
239 2682 335 2750 tueri.
353 2684 516 2750 Asserens
533 2681 719 2766 Stephanus
728 2680 804 2763 *jam
821 2678 986 2766 prelatus,
1004 2680 1183 2762 quodlicet

71 2789 284 2856 donacionem
320 2790 582 2856 condicionalem
608 2789 771 2874 Episcopo
798 2795 830 2854 et
853 2789 1002 2856 Ecclesie
1028 2788 1181 2872 Agriensi

71 2897 181 2963 fecerit
196 2899 270 2964 sine
285 2917 446 2964 consensu
463 2904 496 2962 et
512 2897 723 2966 conniueneia
741 2896 968 2982 generosioris
987 2915 1045 2962 sue
1062 2902 1094 2960 et
1110 2917 1181 2980 pro·

70 3003 281 3092 pinguorum,
308 3013 402 3092 prout
419 2995 453 3073 et
477 3005 645 3090 predictus
671 3005 827 3072 Martinus
853 3012 885 3071 et
912 3004 1097 3069 Demetrius
1123 3004 1182 3070 filii

70 3112 196 3181 Nicolai
222 3114 286 3198 ipsi
311 3114 490 3182 donacioni
506 3114 672 3202 Episcopo
698 3119 731 3179 et
746 3113 892 3181 Ecclesie
916 3113 1069 3198 Agriensi
1093 3114 1182 3179 facte

71 3223 255 3290 nullatenus
281 3244 474 3292 consensum
503 3230 535 3290 ct
560 3242 730 3290 assensum
761 3241 796 3288 se
821 3223 972 3290 dixerunt
1003 3221 1182 3306 prebuisse.

71 3328 145 3394 Ideo
168 3341 305 3417 propter
329 3332 536 3400 condiciones
564 3340 595 3398 et
618 3330 851 3416 promissiones
876 3351 933 3417 per
958 3331 1180 3397 venerabilem

72 3443 196 3518 patrem
214 3439 409 3528 Episcopum
436 3451 468 3506 et
485 3440 669 3506 Ecclesiam
695 3459 788 3503 suam
812 3439 1007 3520 Agriensem
1032 3459 1098 3505 non
1115 3458 1183 3504 ser-

71 3551 183 3630 uatas,
219 3549 466 3632 ingratitudinis
492 3551 579 3616 vicio
605 3548 806 3632 subsequuto
833 3549 938 3633 ipsam
968 3548 1184 3615 donacionem

73 3659 134 3720 mm
152 3656 342 3740 sepedictus
359 3659 547 3746 Stephanus
566 3658 650 3724 filius
666 3657 739 3724 Jule
749 3706 757 3739 ,
784 3677 881 3740 quam
897 3657 1054 3724 Martinus
1072 3664 1103 3722 et
1120 3655 1184 3723 De-

73 3764 203 3830 metrius
220 3763 278 3848 filij
297 3760 429 3832 Nicolai
455 3766 613 3834 antedicti
639 3765 769 3852 penitus
795 3773 1007 3848 resecarunt,
1035 3766 1184 3833 nolentes

73 3873 216 3954 presenti
233 3875 414 3940 contractui
440 3875 611 3942 contraire.
639 3875 760 3940 Datum
776 3874 866 3940 Bude
892 3879 1007 3956 quarto
1028 3873 1081 3938 die
1094 3873 1184 3956 quin-

74 3977 226 4048 denarum
253 3982 495 4052 Purifieaoionis
521 3983 624 4051 Beate
640 3981 783 4065 Virginis
800 4001 885 4049 anno
902 3981 1034 4048 Domini
1052 3982 1102 4047 Μ0
1115 3981 1184 4048 (30⁰

74 4090 281 4176 nonagesimo
302 4111 399 4158 nono.

76 4296 231 4374 (Kfflinsszl'
244 4299 343 4359 eebor
364 4303 551 4376 klinleme'nya
565 4324 583 4362 a
595 4325 637 4378 gr.
650 4303 716 4376 Vay
739 4301 838 4360 csaldd
851 4300 1053 4360 levelttrtbel.
1075 4281 1112 4374 t'lj
1126 4301 1186 4358 Mn-

333 4393 336 4398 *
356 4413 429 4466 gyar
441 4395 572 4452 Munenm
586 4396 664 4452 1856,
677 4395 699 4450 Ι.
712 4395 772 4451 ket.
785 4391 847 4448 438.
859 4389 889 4462 1.)

507 4682 759 4694 ,..,..........,-....-
