3166 5238
832 311 986 416 Aa.

347 509 477 578 domiue
494 509 626 597 Regino
642 505 900 590 destruxissent,
918 506 1052 577 eredere
1071 507 1261 576 Sublimitas
1283 510 1404 576 Vestra
1418 527 1471 576 ne-

345 615 393 701 lit,
411 616 489 702 quia
510 639 575 688 nen
586 621 700 686 nostre
716 616 837 701 sigiMe,
854 615 992 682 etnebis
1002 616 1135 700 penitus
1147 616 1377 701 ignorantibus
1389 613 1469 683 trau·

345 723 494 792 dulentcr
511 726 627 794 ecdem
643 725 751 792 littere
767 729 845 792 suut
861 741 1029 790 concesse.

450 834 624 901 Decretum
640 834 755 918 itaque
770 851 829 920 per
846 851 905 900 nos
923 834 1094 917 extiterat,
1122 831 1207 915 qued
1231 832 1265 898 in
1293 829 1468 914 quindenis
1580 867 1581 870 =

344 943 560 1014 Pentecostes
575 951 688 1034 partes
706 949 921 1029 compareant
937 963 1046 1012 coram
1061 944 1168 1027 nobis,
1190 950 1221 1009 et
1238 942 1338 1010 iidem
1355 945 1469 1010 Ladiz-
1580 957 1581 978 i

344 1051 418 1118 laus
444 1060 478 1120 et
501 1053 589 1121 Dees
614 1055 808 1138 Magistrum
844 1050 1024 1135 Laurente,
1052 1051 1212 1118 Comitem
1239 1051 1415 1136 Matbyam
1439 1059 1471 1116 et

343 1160 536 1244 Magistrum
553 1159 660 1248 Hcym
677 1160 864 1246 prediatus,
891 1167 924 1226 et
939 1181 957 1226 e
975 1177 1133 1226 conuerso
1151 1157 1248 1224 iidem
1265 1158 1371 1240 Zeda,
1390 1159 1470 1224 Bors

343 1275 376 1332 et
391 1268 549 1335 Nicotaus
575 1268 710 1336 eosdem
735 1270 924 1354 Gelyanum
941 1275 973 1334 et
988 1266 1129 1336 Derraeb
1154 1267 1299 1334 Comites
1327 1265 1468 1350 propriis

342 1393 455 1440 eorum
472 1375 504 1438 iu
521 1375 675 1460 persenis
703 1377 735 1441 in
752 1376 925 1461 presencia
951 1374 1071 1443 demini
1089 1375 1190 1458 Regis
1214 1383 1362 1441 statuere
1380 1382 1468 1440 tene·
1580 1407 1581 1434 t

342 1487 452 1548 rentur
469 1481 514 1549 ad
523 1482 776 1570 approbandum
791 1485 844 1550 uel
855 1482 1100 1568 reprobandum
1110 1484 1238 1548 litteras
1249 1483 1467 1565 supradictas.

341 1589 464 1666 Quibus
474 1590 649 1673 quindenis
661 1589 914 1660 aduenientibus
925 1590 1103 1658 Ladizlaus
1119 1597 1152 1658 et
1166 1592 1256 1656 Deos
1273 1591 1467 1672 Magistrum

341 1697 515 1774 Laurente,
532 1699 690 1768 Comitem
716 1699 887 1785 Matbyam
903 1705 937 1766 et
952 1699 1144 1782 Magistrum
1161 1701 1268 1784 Heym
1287 1701 1466 1783 personali·

341 1812 391 1873 ter
407 1815 552 1874 statuere
576 1807 815 1891 nequiuerunt3
842 1808 901 1874 sed
923 1808 1139 1874 exbibuerunt
1164 1808 1294 1872 litteras
1320 1806 1465 1890 Capituli

342 1911 627 2001 Weuprimyensis,
653 1917 687 1984 in
713 1916 831 1999 quibus
857 1917 1084 2000 comperimus,
1101 1915 1188 1997 quod
1203 1915 1288 1980 idem
1310 1915 1465 2000 Magister

340 2021 524 2104 Laurente,
542 2021 659 2091 Comes
685 2023 840 2109 Matbyas
866 2032 899 2090 et
914 2024 1073 2108 Magister
1098 2025 1225 2108 Heym,
1251 2025 1331 2088 item
1350 2023 1465 2090 Comes

341 2125 512 2215 tielyanus
529 2149 589 2214 pre
605 2150 661 2214 se,
687 2139 721 2200 et
736 2150 794 2216 pre
811 2132 927 2201 eedem
945 2134 1070 2201 Comite
1088 2131 1249 2198 Douaehe
1267 2150 1378 2198 eoram
1394 2129 1465 2215 ipso

339 2235 490 2321 Capitule
501 2239 766 2326 Wezprimyensi
782 2241 1003 2324 personaliter
1019 2248 1247 2326 comparentes
1266 2237 1465 2306 concorditer

338 2344 509 2430 dixissent,
526 2347 616 2427 qued
631 2346 777 2430 predicte
786 2348 894 2416 littere
912 2369 952 2416 ex
969 2353 1064 2432 parte
1082 2347 1238 2434 Gelyany
1255 2353 1288 2412 et
1304 2346 1465 2431 Denacby

337 2450 495 2519 Comitum
513 2454 682 2520 maliciose
692 2455 814 2539 scripte
833 2456 986 2534 fuissent,
998 2474 1101 2537 eoque
1113 2476 1178 2522 nen
1194 2457 1237 2523 ab
1254 2456 1315 2539 eis,
1330 2474 1392 2520 nec
1409 2474 1464 2539 per

336 2580 412 2644 eea,
438 2561 498 2627 sed
523 2560 608 2630 false
634 2563 729 2631 mode
746 2562 887 2630 fuissent
902 2570 1076 2649 emanate;
1102 2562 1242 2646 predicti
1258 2581 1336 2626 uero
1364 2562 1463 2646 Zoda,
1580 2563 1581 2618 ἑ

337 2669 419 2736 Bors
436 2675 470 2736 et
485 2671 644 2738 Nieolaus
662 2672 849 2758 Celyanum
874 2679 906 2739 et
923 2672 1063 2740 Donaeh
1089 2671 1233 2740 Comites
1260 2693 1326 2738 nen
1345 2677 1463 2736 statue·

335 2786 427 2859 runt,
454 2797 514 2844 nec
540 2778 691 2846 raciones
708 2781 837 2863 aliquas
864 2782 1036 2850 euidentes
1063 2779 1258 2866 pretendere
1278 2785 1462 2864 potnerunt,

337 2905 394 2952 eur
411 2885 545 2952 eosdem
556 2893 702 2954 statuere
719 2889 938 2970 nequiuerant
953 2896 989 2954 vt
1006 2887 1182 2956 debebant.
1199 2890 1268 2954 Nes
1284 2887 1385 2972 igitur
1401 2907 1462 2954 rua

336 3013 408 3060 cum
426 2994 553 3060 Thema
571 2994 892 3083 ComiteNyitrieusi
909 2995 1142 3082 etRersyeusi,
1160 2995 1319 3078 Magistro
1337 2995 1460 3061 Farina-

335 3101 385 3168 sio
402 3098 468 3166 filie
486 3102 620 3183 Fullrus,
638 3103 765 3170 Gemite
787 3102 905 3170 Erdew
922 3102 991 3170 filie
1008 3103 1155 3171 Gesreeh
1172 3111 1204 3168 et
1220 3101 1386 3169 nobilibus
1403 3105 1462 3169 Re·

333 3209 389 3294 gni
405 3231 503 3294 quam
519 3214 666 3296 pluribus
684 3214 853 3280 nobiseum
878 3214 912 3278 in
933 3214 1060 3299 judicio
1077 3213 1299 3282 assidentibus
1312 3263 1313 3266 ,
1325 3235 1386 3298 per
1412 3213 1462 3280 de

334 3319 457 3386 minum
475 3319 596 3403 Regem
622 3321 719 3386 uobis
744 3322 777 3386 in
795 3319 905 3388 seeios
930 3321 1200 3389 adiudicandum
1226 3323 1312 3390 hane
1329 3340 1462 3390 eausam
1580 3409 1581 3416 ἵ

335 3424 603 3510 caprariensis
619 3435 651 3494 et
667 3427 823 3515 perlectis
831 3427 989 3512 predictis
1005 3427 1135 3513 litteris,
1149 3430 1227 3512 quia
1242 3429 1344 3498 iidem
1362 3429 1461 3513 Zeda,

332 3533 416 3600 Bere
434 3542 467 3600 et
481 3535 639 3604 Nicolaus
665 3541 741 3621 pest
756 3535 999 3602 institucionem
1015 3554 1073 3602 seu
1089 3537 1335 3604 ordinacionem
1351 3538 1386 3602 in
1411 3559 1462 3623 ge·
1580 3551 1581 3568 ²

334 3643 440 3708 nerali
456 3645 715 3728 congregacione
733 3642 857 3710 domini
882 3643 983 3728 Regis
1009 3651 1042 3711 et
1059 3645 1176 3731 Regni,
1193 3633 1258 3712 vna
1277 3633 1351 3713 eum
1368 3666 1460 3714 vene·
1580 3621 1582 3658 ἓ

331 3751 430 3818 rabili
446 3759 540 3836 patre
566 3750 698 3820 demine
715 3749 1166 3840 Jetbanne)Arehiepiscepe
1183 3753 1370 3839 Celoeensi,
1388 3753 1460 3839 Epi-

333 3861 455 3946 seepis,
472 3860 654 3927 Beronibus
681 3867 714 3928 et
740 3861 904 3930 vniuersis
929 3862 1103 3931 Nobilibus
1124 3863 1230 3949 Regni
1252 3864 1461 3951 solempniter

332 3967 502 4036 celebrata
517 3969 649 4052 factam,
661 3970 793 4036 eosdem
807 3969 1010 4056 Ladizlaum,
1022 3970 1110 4036 Dces
1128 3977 1161 4038 et
1178 3979 1337 4054 cognatos
1351 3991 1460 4038 eorum

333 4077 582 4160 destruxerunt,
610 4077 769 4163 quosdam
795 4099 836 4145 ex
864 4079 913 4146 eis
940 4077 1158 4164 captiuaude,
1188 4080 1350 4162 quosdam
1383 4098 1458 4146 uere

333 4185 510 4252 enormiter
526 4185 725 4252 uerberando
752 4187 861 4254 emnia
877 4186 963 4256 bena
980 4188 1177 4272 auferentes,
1205 4194 1300 4271 prout
1315 4186 1380 4256 hee
1397 4209 1458 4253 em·

332 4290 390 4358 nia
406 4291 439 4358 in
462 4292 579 4358 litteris
595 4291 811 4375 inquisitoriis
837 4294 982 4381 Capituli
1009 4294 1308 4382 Wecprimyensis,
1328 4296 1457 4364 Comitis

331 4399 496 4468 Laurente
513 4406 545 4464 et
562 4408 702 4482 quatuor
727 4402 748 4470 J
751 4403 879 4471 udieum
905 4403 1088 4472 Comitatus
1109 4405 1390 4492 Wenprimyensis
1405 4424 1457 4472 ne-

331 4506 383 4575 bis
401 4505 569 4579 euidenter
585 4509 819 4593 constiterunt,
845 4531 903 4597 pre
920 4530 959 4578 ee
976 4513 1011 4580 iu
1026 4513 1114 4581 facto
1131 4511 1236 4597 ipsius
1261 4512 1455 4581 destruccio-

333 4611 399 4698 nis,
417 4611 654 4697 captiuaeieuis
671 4611 774 4702 (cum)
798 4617 1041 4688 uerberaeieue
1056 4626 1089 4686 et
1113 4618 1287 4688 oblacione
1302 4624 1457 4692 bonerum
