3166 5238
562 280 728 383 Α

75 489 197 570 sponte
223 488 492 567 assumpserunt,
519 485 553 546 el
569 479 600 544 in
627 497 825 564 quoeunque
851 476 991 545 artioulo
1016 475 1206 544 refricatum

78 589 188 669 fuerit,
206 589 241 656 in
256 590 425 676 premissis
441 607 539 674 pars,
557 606 620 670 que
636 587 819 672 predictam
836 585 1112 671 composicionem
1131 605 1204 651 eon·

78 697 271 784 tempserit,
299 697 370 764 sine
390 697 534 782 strepitu
548 693 665 780 judieij
692 695 822 762 amittet
845 693 879 761 in
905 695 1034 780 prefata
1060 693 1205 759 Ilmeuoh

80 808 302 890 possessione,
319 805 352 871 in
369 807 466 873 terris
482 809 514 872 al
530 803 562 868 in
580 803 686 887 aquis,
711 823 806 888 suam
822 803 1076 887 possessionem.
1101 837 1144 848 -
1163 832 1206 846 -

211 1105 361 1180 (Eredetie
375 1126 394 1165 a
407 1106 505 1166 Nema.
518 1105 652 1163 Muzeum
665 1103 790 1186 kezirati
803 1102 1088 1178 gylljtemonyeben.)

514 1397 770 1408 W

618 1948 690 2018 147.

86 2126 118 2194 A
130 2127 284 2215 pozeonyi
302 2125 455 2214 koplolun
480 2125 743 2214 bizonpodpleoolo
752 2177 762 2210 ,
780 2125 859 2215 kopp
884 2127 1008 2214 Korolp
1032 2123 1115 2214 pros
1133 2123 1212 2192 Son·

86 2237 211 2303 male
226 2236 297 2322 fla,
323 2237 448 2302 tostue're
464 2236 644 2302 Domookoa
671 2235 847 2325 mepo'leleso
872 2236 1048 2324 tdrppciban
1072 2235 1215 2302 Peterrel

86 2347 221 2412 Mdrtoo
228 2341 335 2429 fiooal
359 2345 390 2408 6⁸
405 2339 553 2407 Petmssol
576 2343 718 2409 Zoerard
733 2344 964 2430 maatarfldoul,
988 2345 1215 2432 eppszersrnn'od

175 2453 332 2519 roleouoilr
347 2451 478 2518 aeolbon
502 2453 540 2540 is,
557 2451 784 2539 bardtedpoaon
800 2453 1008 2542 eppezkedtek.
1025 2455 1125 2521 1299.

373 2633 452 2700 -A.
562 2635 598 2698 B.
708 2631 744 2701 C.
852 2635 893 2700 Ι).
1022 2647 1027 2655 ¹

198 2791 369 2862 Vniuersis
395 2792 693 2878 appetitionibus,
711 2801 883 2881 presentes
909 2795 1039 2864 litteras
1055 2796 1217 2884 inspeolu-

91 2901 137 2970 n's
157 2903 344 2990 Capitulum
369 2901 520 2973 lieolesie
546 2902 760 2973 Posoniensis
786 2905 926 2973 salutem
951 2907 986 2973 in
1011 2904 1128 2974 salutis
1155 2924 1217 2970 au-

90 3019 193 3078 olore.
210 3010 263 3078 Ad
287 3011 513 3079 uniuersorum
538 3010 694 3078 noticiam
712 3016 826 3078 tenore
842 3011 1050 3097 presencium
1066 3012 1217 3080 volumus

88 3117 274 3204 peruenire,
292 3118 381 3203 qnod
399 3119 583 3188 constitutis
608 3120 832 3205 personaliter
847 3138 959 3184 eoram
975 3121 1071 3189 nobis
1088 3118 1216 3188 Gemite

89 3227 218 3294 Karulo
234 3223 300 3292 filio
316 3226 499 3293 Alexandri
513 3245 572 3310 pro
584 3231 665 3292 soel
680 3245 741 3310 pro
759 3225 826 3293 fillo
843 3246 912 3314 suo,
930 3247 970 3295 ao
987 3247 1047 3314 pro
1064 3229 1217 3296 omnibus

89 3332 241 3420 cognatis
257 3339 291 3400 et
302 3334 417 3402 amieis
433 3333 501 3403 suis
511 3335 554 3404 ab
571 3355 638 3402 una
653 3343 767 3420 parte;
785 3337 884 3404 Petro
901 3356 979 3402 uero
996 3337 1062 3406 filio
1084 3336 1218 3405 Martini

89 3463 149 3530 pro
168 3463 205 3510 se
220 3451 254 3510 et
268 3461 327 3526 pro
343 3442 454 3520 Palus,
475 3441 542 3510 filio
558 3441 708 3527 magistri
731 3441 887 3510 Zoerardi
897 3492 907 3527 ‚
927 3447 960 3510 el
985 3464 1045 3532 pro
1064 3445 1215 3514 omnibus

90 3539 249 3636 cognatis,
268 3551 394 3634 amieis,
412 3555 445 3618 et
470 3549 691 3618 seruientibus
707 3552 776 3619 suis
793 3551 836 3618 ab
854 3553 980 3638 altera5
996 3552 1084 3620 idem
1101 3553 1217 3624 (lomes

90 3659 237 3728 Karalus
254 3667 306 3728 est
331 3657 503 3727 oonfessus
528 3659 606 3726 vina
621 3678 711 3744 uoco,
729 3659 815 3745 quod
831 3659 910 3728 lieet
925 3667 1016 3728 mota
1036 3661 1136 3729 fuerit
1151 3682 1218 3729 ma-

88 3769 174 3834 teria
207 3765 390 3849 questionis
416 3765 499 3834 inter
524 3767 616 3854 ipsos
642 3787 741 3854 super
767 3773 873 3837 morte
899 3767 1083 3854 Dominioi‚
1104 3769 1218 3838 fratris

92 3873 238 3942 eiusdem
254 3874 382 3960 Karali,
399 3873 497 3942 illata
512 3895 572 3960 per
582 3875 723 3957 Petrum,
740 3881 773 3940 et
788 3895 847 3960 per
863 3881 989 3960 patrem
1004 3896 1099 3946 suum
1112 3877 1219 3945 Oomi·

88 3990 157 4052 lem
172 3983 355 4067 liminum,
375 3989 407 4050 et
423 3984 617 4067 magistrum
631 3983 837 4065 Zoerardum,
855 4002 897 4049 ao
913 4003 971 4070 per
986 3983 1072 4053 alios
1099 4005 1218 4071 oogna·

91 4100 158 4178 tos,
175 4091 299 4158 amieos
316 4096 348 4160 et
358 4091 540 4159 seruienles
557 4089 755 4176 eorundem
771 4091 817 4160 ad
827 4091 976 4160 ultimum
992 4099 1104 4162 tamon
1120 4095 1219 4162 medi-

91 4199 240 4285 antibus„
255 4200 370 4286 probis
386 4200 476 4283 viris,
489 4199 646 4268 videlieet
661 4200 764 4266 nobili
779 4199 850 4268 niro
868 4200 995 4268 Comite
1010 4202 1140 4270 Iruzlao
1157 4204 1219 4273 Ou-

90 4306 168 4376 riali
185 4308 309 4378 (lomite
326 4307 522 4376 Posoniensi
532 4358 541 4392 ‚
568 4309 697 4379 Jaoobo
723 4307 844 4395 Magno
860 4316 893 4375 et
918 4312 1015 4377 Petro
1032 4311 1116 4378 fatre
1134 4308 1220 4400 (lgy)

94 4414 262 4494 eiusdem,
278 4416 439 4484 Faroasio
465 4422 499 4482 el
517 4417 616 4484 Petro
641 4417 684 4484 de
701 4418 815 4502 Ouga‚
832 4438 873 4486 ao
888 4419 1047 4488 Ladlslao
1063 4419 1131 4488 filio
1148 4422 1220 4490 Ste-

94 4523 212 4608 phani,
229 4524 264 4590 in
284 4524 384 4591 talem
404 4523 498 4610 panis
524 4527 733 4593 ooneordiam
748 4527 981 4595 deperissent:
1007 4528 1101 4607 Quod
1115 4530 1220 4614 predi·

92 4639 167 4702 otus
184 4633 303 4700 Petrus
319 4642 351 4699 et
367 4633 468 4702 Petus
492 4633 638 4704 debeant
662 4622 792 4706 soluere
806 4636 954 4722 prediolo
982 4635 1109 4706 Karulo
1128 4655 1222 4708 sexa·
