3166 5238
600 987 675 1056 148,

80 1181 109 1248 Α
124 1185 273 1270 pozsonya'
285 1181 441 1270 topratm
456 1184 727 1272 &zooysdptecela
745 1185 825 1273 bopy
845 1183 980 1253 doctas
997 1187 1106 1252 Istodn
1121 1187 1201 1252 Hect

79 1291 198 1377 belysdp
208 1289 435 1376 jeldeccrdoal
449 1294 481 1356 ds
496 1291 678 1358 lakosac'cal
693 1293 838 1380 bizooyoa
860 1293 1082 1360 bdotalmakro
1096 1298 1200 1382 cecos,

122 1398 291 1486 melyekkel
307 1398 379 1464 ezelo
394 1399 426 1480 b't
441 1401 573 1487 irrepet,
589 1400 818 1487 bardtsdposon
828 1402 1032 1490 epyezkcdctt.
1055 1403 1153 1469 1299.

185 1595 255 1664 Nos
271 1596 459 1682 Capitulum
476 1598 689 1668 Posouiensis
700 1597 850 1666 Ecclesie
867 1599 1024 1668 memorie
1040 1615 1200 1664 commen·

79 1701 199 1772 dantes
215 1704 439 1792 significamus
456 1708 575 1790 quibus
592 1707 728 1792 expedit
745 1707 919 1791 vniucrsis,
940 1696 1031 1790 cuod
1045 1705 1201 1773 constitu-

80 1813 121 1879 tis
137 1812 357 1896 personaliter
373 1833 483 1880 coram
501 1812 595 1882 nobis
613 1813 737 1881 Ditrico
756 1812 866 1880 villico
884 1815 925 1882 de
940 1815 1035 1896 Heet,
1052 1813 1152 1890 Vreb‚
1168 1819 1203 1877 et

80 1918 215 1986 Hanreh
231 1919 318 1986 dicto
328 1920 475 2007 Selbher‚
495 1925 527 1986 et
538 1920 663 1988 Gemite
673 1921 799 1990 Jaccbo
809 1921 950 1988 Domino
962 1921 1108 1988 eiusdem
1124 1920 1204 1988 ville

79 2027 185 2094 Heeth
201 2027 244 2094 ab
268 2048 334 2099 vna
360 2036 454 2114 parte
465 2082 475 2117 ,
492 2029 662 2115 Stephano
686 2029 728 2096 de
746 2031 874 2099 Oorcha
900 2031 943 2096 ab
969 2030 1096 2118 altera5
1114 2029 1201 2095 idem

81 2137 270 2224 Stephanus
287 2146 337 2206 est
364 2139 536 2208 confessus
562 2139 639 2207 viva
656 2158 756 2223 voce,
782 2138 869 2222 quod
895 2139 973 2206 licet
989 2147 1078 2207 mota
1102 2138 1204 2204 fuerit

83 2247 223 2316 materia
238 2246 419 2328 questionis
435 2247 522 2312 iuter
539 2246 629 2330 ipsos
646 2267 705 2330 pro
730 2248 922 2314 uulneribus
948 2254 980 2313 ct
996 2247 1123 2314 iniuriis
1140 2245 1203 2332 ipsi

82 2354 251 2438 Stephano
268 2355 371 2420 illatis
396 2375 456 2439 per
472 2355 641 2438 predictos
666 2356 806 2441 populos
823 2356 865 2423 de
883 2356 1011 2440 Heeth,
1039 2360 1071 2421 et
1087 2353 1143 2421 diu
1158 2352 1204 2420 al·

81 2463 198 2530 tercati
213 2461 373 2546 fuissent,
399 2461 443 2529 ad
459 2463 607 2531 ultimum
623 2467 732 2531 tamen
750 2462 971 2530 mediantibus
991 2462 1103 2548 probis
1122 2461 1203 2529 viris

81 2571 191 2639 taliter
209 2568 489 2638 concordassent:
506 2570 602 2650 Quod
616 2570 738 2654 prefcti
755 2571 869 2656 populi
885 2570 926 2638 de
942 2570 1028 2637 Heet
1045 2568 1206 2639 deberent

81 2679 211 2747 soluere
228 2676 336 2746 eidem
361 2675 530 2763 Stephano
555 2698 615 2765 pro
631 2678 823 2746 uulneribus
849 2678 919 2744 suis
939 2685 973 2745 et
989 2677 1116 2745 iniuriis
1141 2673 1205 2744 sibi

81 2786 182 2857 illatis
199 2793 275 2855 octo
293 2805 423 2856 marcas
433 2837 441 2870 ,
470 2806 552 2870 quas
569 2786 703 2872 quidem
720 2793 794 2853 octo
812 2805 943 2852 marcas
962 2785 1051 2852 idem
1067 2785 1205 2868 Stepha-

81 2915 141 2962 nus
158 2918 181 2964 a
195 2893 353 2979 predictis
379 2893 509 2979 populis
527 2892 567 2958 de
585 2892 692 2960 Hoetb
716 2891 885 2963 confessis
912 2897 1016 2960 estse
1040 2891 1206 2974 recepisse

82 3004 251 3086 plenarie,
279 3008 312 3068 et
327 3002 470 3080 babere,
496 3008 528 3066 et
544 2999 592 3070 sic
608 3001 727 3070 dictum
744 3002 889 3069 villicum
899 3050 908 3083 ‚
926 3000 1014 3067 Vreb
1024 3051 1034 3086 ‚
1059 2997 1205 3081 Hanreb,

81 3110 222 3178 Selbhcr
238 3115 390 3175 ettotam
409 3109 522 3176 villam
538 3109 665 3192 Heetb,
692 3130 732 3178 ac
748 3110 910 3178 Jacobum
927 3107 1088 3176 (iomitcm
1104 3106 1206 3174 domi-

82 3239 159 3287 num
176 3217 325 3286 eiusdem
340 3216 418 3286 ville
434 3216 550 3299 Heeth,
570 3217 718 3302 prefatus
743 3216 930 3302 Stephanus
956 3215 998 3282 de
1016 3215 1206 3282 uulneribus

87 3333 119 3392 et
143 3328 297 3396 omnibus
323 3324 451 3391 iniuriis
477 3323 541 3392 sibi
566 3324 670 3393 illatis
696 3323 842 3392 reddidit
866 3321 997 3408 penitus
1014 3319 1206 3406 expeditos;

83 3431 263 3520 obligando
280 3453 327 3517 se,
345 3435 430 3515 quod
446 3433 629 3515 quicunque
645 3453 805 3518 processu
825 3439 1006 3517 temporum
1017 3427 1207 3518 sepedictos

83 3545 224 3628 populos
236 3541 276 3608 dc
289 3541 406 3624 Heeth,
424 3543 654 3610 autJacobum
664 3539 822 3609 Comitem
834 3541 1009 3608 Dominum
1020 3538 1208 3622 eorundem,

80 3650 221 3719 racione.
231 3648 464 3735 premissorum
482 3647 693 3716 articulorum
709 3649 810 3715 vellet
827 3648 984 3734 impetere
1003 3649 1058 3716 vel
1074 3665 1207 3731 vexare,

82 3767 204 3827 extunc
229 3757 315 3826 idem
341 3754 530 3843 Stephanus
556 3756 598 3822 de
623 3756 749 3824 Corcha
774 3761 940 3824 teneretur
965 3776 1024 3824 eos
1051 3755 1208 3840 expedire

80 3866 227 3954 propriis
252 3863 420 3933 laboribus
445 3869 477 3928 et
495 3863 658 3948 expensis.
676 3863 800 3930 Datum
826 3886 912 3932 anno
935 3863 1066 3930 Domini
1083 3864 1126 3928 Μ.
1144 3860 1206 3929 OG.

83 3971 322 4057 Lxxxx1x0,
334 3971 547 4040 secundadie
559 3971 949 4039 octabarumthiuitatis
959 3970 1094 4040 Domini
1104 3970 1209 4038 nostri

83 4088 164 4156 Jesu
182 4082 313 4150 Christi.

496 4240 552 4315 (Ac
571 4239 681 4297 eredeti
700 4237 792 4308 utdn.)

517 4513 775 4523 ............---—-

138 4787 241 4829 uorum.
252 4785 330 4826 uuus.
344 4785 411 4827 msu.
421 4805 449 4842 ἢ
457 4772 524 4825 urin.
535 4782 567 4825 ro.
