3188 5238
82 1215 109 1285 Α
119 1223 271 1308 poacoayi
294 1222 448 1309 kriptclaa
474 1221 736 1308 bizocysciplevelc
762 1226 944 1310 bardtsctpoc
959 1225 1198 1310 cpycalrcdc'srr'll,

82 1329 206 1416 mclpncl
214 1327 317 1417 fopca
336 1329 424 1396 Fecla'
438 1331 539 1396 Jricos
554 1331 709 1416 coctilepcc
723 1333 945 1418 asperaceler
954 1382 963 1415 ‚
981 1333 1091 1398 accolo
1107 1334 1195 1398 robo-

270 1438 327 1504 rrar'
340 1459 361 1501 α
375 1438 519 1505 tettesoelc
534 1439 697 1504 incrassate
712 1438 895 1525 cleopedtek.
913 1440 1009 1504 1291.

401 1637 439 1702 A.
547 1636 583 1702 Β.
693 1635 728 1702 O.
799 1637 877 1702 ·D.

187 1815 359 1884 Vniuersis
374 1814 495 1882 Christi
512 1815 664 1884 fidelibus
681 1823 850 1902 presentes
866 1817 992 1884 litteras
1004 1818 1198 1904 inspecturis

86 1920 269 2006 Capitulum
286 1923 434 1992 Ecclesia
450 1925 663 1992 Posoniensis
684 1925 821 1992 salutem
837 1925 870 1992 in
887 1926 1038 1993 Domino.
1059 1926 1112 1995 tn
1127 1929 1196 1994 uni·
1301 1957 1304 1966 λ

85 2050 250 2099 uersornm
279 2032 432 2130 noticiam
463 2039 576 2100 tenore
601 2025 805 2118 presencium
831 2029 981 2100 nolumus
1013 2037 1197 2121 pervenire,

87 2138 166 2226 qood
181 2140 344 2207 loachino
360 2139 401 2205 dc
418 2142 496 2207 Feel
507 2142 602 2207 simul
613 2161 685 2207 cum
701 2139 767 2207 filio
783 2161 842 2209 suo
858 2141 993 2227 laccho,
1005 2150 1038 2210 et
1053 2145 1197 2211 Lauren-

87 2248 132 2314 clo
147 2247 214 2314 filio
240 2249 405 2316 Valentini
432 2256 572 2337 cognato
598 2268 656 2316 suo
673 2250 716 2316 ab
734 2268 797 2317 nna
813 2257 929 2335 parte;
947 2248 1104 2317 Ladislac
1133 2250 1200 2319 filio

87 2359 175 2444 parui
191 2357 353 2443 Stephani
370 2355 412 2422 ab
429 2359 547 2442 altera,
574 2359 758 2425 constitutis
782 2377 888 2424 coram
905 2359 1000 2424 nobis
1020 2359 1199 2444 personali·

86 2471 147 2548 ter,
174 2463 274 2551 ijrlem
292 2465 472 2532 Joaehinus
482 2516 491 2549 ‚
512 2466 656 2533 Jacobus
676 2473 708 2533 et
735 2467 934 2533 Laurencius
952 2472 1027 2532 sunt
1044 2457 1199 2554 confessi,

89 2575 268 2660 quodlicet
293 2593 391 2661 snper
412 2582 513 2642 morte
529 2575 691 2642 lobannis
707 2573 764 2640 lilii
790 2565 939 2662 ejusdem
965 2575 1117 2642 loachini
1142 2595 1201 2663 per

89 2683 223 2770 eundem
240 2683 433 2752 Ladislanm
446 2685 624 2751 casualiter
636 2688 822 2770 perpetrata
839 2683 952 2750 ordine
963 2683 1138 2751 iudiciario
1154 2684 1200 2748 in-

89 2799 134 2861 ter
143 2800 255 2884 partes
267 2791 383 2861 fuisset
392 2793 519 2860 diucius
530 2794 738 2878 altercatum
756 2793 799 2859 ad
818 2793 965 2859 ultimum
983 2791 1201 2860 tamenmedi-

89 2903 212 2968 antibus
223 2903 333 2986 probis
344 2903 422 2971 viris
432 2909 565 2989 propter
584 2903 702 2968 bonum
720 2903 814 2988 pacis
834 2901 866 2968 in
879 2902 1064 2985 quindecim
1081 2902 1201 2970 marcis

89 3009 290 3078 denariorum
302 3011 545 3097 Vyennensium
563 3009 835 3094 concordassent3
852 3030 936 3094 quas
948 3010 1099 3076 videlicet
1110 3008 1198 3093 quin·
1257 3055 1259 3059 v

81 3117 188 3185 'decim
205 3137 334 3184 mareas
345 3117 444 3204 ijdem
460 3117 650 3202 Joachinus,
670 3118 824 3201 lacobus,
838 3118 1040 3186 Laurencins
1053 3137 1199 3185 asseren-

90 3232 136 3295 tes
153 3248 189 3295 se
205 3229 248 3293 ab
266 3225 379 3295 eodem
400 3225 557 3294 ladislao
582 3224 728 3311 plenarie
745 3226 931 3309 recepisse,
947 3208 1197 3293 eundem'Ladi-

91 3335 189 3402 slsum
201 3355 299 3420 super
310 3333 424 3403 eadem
435 3341 537 3403 morte
548 3333 760 3400 reddiderunt
770 3335 802 3398 in
813 3333 915 3399 nostri
929 3330 1101 3421 presencia
1110 3331 1200 3420 perri·

91 3450 138 3512 tns
150 3443 335 3530 expeditum
349 3465 357 3528 ;
374 3443 559 3527 obligantes
571 3461 616 3520 se,
629 3440 714 3527 quod
725 3440 906 3523 quicunque
918 3445 1101 3528 temporum
1116 3437 1202 3528 (tgy)

93 3553 224 3620 eundem
242 3550 429 3619 Ladislaum
445 3551 575 3617 racione
592 3549 704 3615 mortis
730 3547 832 3633 ipsius
859 3548 1026 3616 Johannis
1051 3548 1205 3632 impetere

92 3659 222 3728 forsitan
235 3664 477 3746 attemptarent,
497 3659 561 3745 ipsi
575 3657 901 3740 seilicetloacbinus,
918 3660 1064 3727 Jacobns
1075 3657 1203 3723 ethan-

93 3769 215 3836 rencius
232 3770 428 3836 tenebuntur
453 3788 526 3834 eum
552 3766 706 3851 expedire
719 3766 863 3852 'proprijs
882 3760 1078 3849 (laboribus)
1099 3771 1132 3830 et
1153 3783 1206 3832 ex·

93 3879 209 3962 pensis.
228 3880 266 3944 ln
284 3876 435 3965 oujnsrei
449 3879 637 3944 memoriam
653 3881 824 3962 presentes
843 3874 1063 3944 concessimus
1080 3873 1223 3941 litteras.

94 3985 189 4072 sigilli
208 3985 311 4054 nostri
337 3986 512 4052 munimine
529 3984 707 4050 roboratas.
727 3984 848 4049 Datnm
875 3983 907 4047 in
926 3981 1091 4064 quindena
1112 3978 1208 4048 Beati

93 4093 261 4162 Michaelis
278 4094 479 4180 Archangeli
496 4113 583 4162 anno
599 4091 732 4160 Domini
757 4089 950 4157 millessimo
968 4089 1208 4156 decentessimo

95 4203 301 4288 nonagesimo
318 4201 432 4288 primo.

8 4373 9 4376 Ἴ
96 4395 227 4470 (Hirtya.
248 4397 275 4452 A
288 4397 353 4470 meg
375 4397 411 4470 ep
425 4396 525 4471 pectet
539 4397 662 4455 namneti
676 4393 757 4452 szinii
770 4397 899 4468 selymen
914 4392 993 4468 lligg.
1006 4389 1209 4465 Poasonylrrlp-

164 4486 256 4544 telani
268 4486 403 4563 orsaagos
416 4486 540 4546 leveltar
554 4487 650 4560 Capsa
659 4485 736 4542 XIV.
748 4486 832 4542 Fasc.
844 4484 887 4543 22.
901 4481 969 4540 Nro.
983 4484 1010 4538 2.
1027 4479 1139 4556 lincea.)

520 4745 784 4761 m...-
