3166 5238
877 985 952 1052 uu.

363 1181 546 1251 ALoaoaoa
554 1179 699 1269 statutt
714 1181 997 1248 tdlboozckoeatott
1021 1191 1053 1248 b't
1077 1181 1245 1247 birtokrdoa
1272 1183 1361 1246 irdct
1390 1181 1491 1268 perle-

362 1291 472 1377 ambs,
489 1313 523 1358 ea
538 1289 680 1376 accept
696 1294 797 1376 jopen
824 1291 959 1376 crepitdlt
985 1298 1017 1354 b't
1031 1289 1217 1354 birtolcrtsat
1233 1311 1253 1350 o
1273 1289 1363 1351 cccci
1378 1285 1492 1373 koiptc'-

412 1397 468 1462 loa
483 1395 555 1462 eldtt
570 1393 661 1460 Biter
668 1394 797 1481 ficiunt
814 1395 947 1481 cupedilc
963 1397 994 1460 eo
1009 1393 1156 1461 bctdrcit
1174 1393 1330 1480 leijclb'lilc.
1348 1395 1449 1458 1299.

470 1593 661 1679 Capitulum
677 1579 827 1660 secteris
853 1591 1040 1660 Waciensis
1066 1593 1219 1659 omnibus
1238 1589 1363 1658 christi
1389 1589 1491 1656 fideli-

362 1697 422 1767 bus
438 1707 506 1768 tam
521 1699 730 1787 presentibus
755 1719 854 1783 quam
868 1699 986 1766 futuris
1002 1700 1210 1786 presencium
1227 1699 1387 1764 noticiam
1404 1697 1492 1766 babi-

360 1807 442 1873 turis
458 1809 598 1876 salutern
625 1807 660 1873 in
686 1807 827 1873 Domino
853 1807 1097 1892 sempiternam.
1122 1801 1350 1872 Vniuersornm
1378 1812 1490 1874 tenore

361 1914 566 2000 presencium
582 1912 697 1980 barum
722 1914 808 1982 serie
825 1914 1045 2000 declaramus,
1064 1914 1150 1997 qood
1166 1913 1285 1980 Comes
1301 1914 1489 1980 Hermanno

360 2023 446 2090 iilius
463 2022 568 2112 Heym
579 2071 588 2106 ,
614 2020 766 2090 officialis
791 2021 931 2110 Nicolay
948 2029 980 2088 et
1005 2022 1168 2090 Johannis
1185 2019 1326 2088 tiliorum
1348 2021 1488 2089 Comitis

359 2129 470 2217 Byter,
489 2148 559 2194 cunr
576 2128 693 2196 litteris
718 2129 840 2198 nostris
856 2129 1092 2213 procuratoriis
1108 2149 1167 2215 pro
1194 2127 1319 2194 eisdem
1346 2128 1488 2198 dominis

358 2235 428 2304 suis
443 2235 486 2302 ab
501 2255 567 2304 vna
582 2244 696 2323 parte,
713 2243 746 2304 et
765 2237 952 2305 Demetrius
968 2237 1055 2304 filius
1071 2237 1227 2323 Farkasij
1245 2256 1305 2321 pro
1323 2255 1362 2303 se
1381 2245 1417 2304 et
1432 2255 1488 2320 pro

358 2343 480 2414 Moehk
496 2344 596 2413 fratrs
612 2363 680 2420 suo,
706 2363 746 2412 ae
761 2365 821 2431 pro
837 2347 934 2412 Petro
952 2353 985 2411 et
1002 2345 1143 2413 Nioolao
1159 2343 1237 2430 filijs
1254 2345 1367 2427 Perse,
1384 2343 1490 2411 fratri·

355 2451 418 2520 bus
434 2453 503 2520 suis
517 2455 734 2537 patruelibus,
752 2473 895 2521 necnon
912 2455 1075 2539 Georgius
1093 2452 1179 2519 filins
1196 2455 1298 2520 Perse
1314 2472 1376 2536 pro
1395 2473 1434 2522 se
1445 2452 1487 2519 si-

357 2560 477 2628 militer
488 2563 690 2630 oumlitteris
701 2562 821 2629 nostris
831 2562 1063 2646 procuratoriis
1080 2561 1248 2644 exaltem,
1265 2579 1376 2627 coram
1393 2560 1488 2628 nobis

355 2668 578 2751 personaliter
587 2668 913 2754 constituti,relatum
923 2670 1052 2738 exstitit
1062 2669 1266 2738 concorditer
1276 2666 1485 2754 pereosdem;

356 2775 542 2860 quodcum
567 2778 826 2866 superquinque
851 2779 1001 2864 portibus
1029 2799 1089 2845 seu
1105 2777 1316 2862 porcionibus
1343 2782 1432 2843 terre
1448 2775 1486 2843 dc

353 2892 443 2953 terra
458 2884 572 2970 Tema,
590 2905 671 2968 quas
689 2876 832 2971 q'uinque
857 2887 1029 2974 porciones
1046 2894 1206 2954 terrarum
1232 2885 1341 2952 dictus
1368 2885 1485 2953 Oomes

354 2992 539 3060 Hermanus
550 2994 683 3060 nomine
700 2994 840 3060 filiorum
857 2995 995 3064 Comitis
1012 2997 1115 3082 Byter
1131 2993 1335 3060 dominorum
1352 3012 1485 3060 suorum
1577 3071 1578 3086 ἶ

354 3103 395 3168 de
411 3107 499 3166 terra
515 3099 670 3168 Lusunch
696 3107 864 3168 extractas
881 3121 956 3171 esse
973 3103 1066 3186 dixit,
1084 3107 1119 3168 et
1137 3101 1293 3169 Lusnnoh
1309 3099 1484 3186 appellari,
1577 3087 1578 3090 '

353 3208 465 3293 granis
481 3208 620 3274 materia
636 3209 815 3294 iurgiorum
827 3229 887 3276 seu
905 3210 1016 3278 licium
1032 3215 1149 3277 exorta
1163 3208 1376 3276 fuissetinter
1386 3208 1484 3292 ipsos,

354 3323 387 3382 et
403 3315 514 3382 multis
539 3321 722 3400 temporum
748 3317 917 3386 curriculis
941 3318 1114 3402 ventilata,
1139 3335 1239 3402 super
1255 3317 1377 3399 quibus
1395 3316 1483 3399 quin-

352 3443 416 3510 que
440 3423 652 3509 porcionibus
677 3426 711 3491 in
737 3424 864 3492 octauis
890 3425 987 3493 Beati
1013 3423 1150 3508 Georgij
1171 3424 1318 3490 martiris
1345 3425 1484 3506 predicti

349 3531 408 3615 filij
427 3529 563 3597 Comitis
579 3533 683 3618 Byter
699 3551 812 3600 eoram
828 3531 930 3616 nobis,
948 3539 982 3598 et
1008 3531 1129 3617 prefati
1143 3531 1204 3614 filij
1224 3530 1384 3614 Farkasij
1403 3539 1438 3600 at
1451 3533 1483 3599 fi·

348 3636 385 3721 lij
402 3638 502 3705 Perse
519 3659 628 3705 coram
656 3639 806 3725 Capitulo
820 3641 974 3724 Agriensi
989 3640 1121 3708 nomine
1137 3639 1388 3723 possessionum
1413 3659 1481 3707 sua·

149 3775 151 3780 ·
217 3780 219 3786 .
349 3766 419 3812 rum
436 3745 713 3813 hereditariarum
725 3751 839 3815 contra
854 3747 997 3814 inuicem
1009 3753 1113 3815 testes
1130 3746 1371 3831 produxerunt,
1389 3747 1454 3815 ets
1472 3780 1480 3791 ·

351 3857 404 3918 cta
419 3850 642 3937 produccione
658 3855 789 3921 testium
806 3857 1014 3922 mancionate
1034 3855 1210 3940 pecierunt
1226 3874 1337 3922 coram
1355 3856 1481 3923 Oomite

349 3959 519 4043 Stephano
537 3959 748 4029 Vice-Judiee
773 3962 870 4030 Curio
897 3963 1021 4032 domini
1036 3964 1138 4048 Regis
1159 3971 1416 4051 comparentes,
1441 3965 1478 4032 de

349 4067 564 4150 permissione
580 4069 757 4137 eiusdemi
762 4069 864 4136 udicis
880 4091 939 4156 per
950 4072 1123 4140 arbitrium
1140 4073 1317 4162 proborum
1340 4073 1478 4142 virorum

348 4191 446 4256 super
462 4173 551 4242 facto
569 4175 712 4259 ipsarum
733 4177 878 4262 quinque
893 4180 1083 4262 porcionem
1099 4188 1197 4267 terre,
1215 4181 1331 4249 taliter
1349 4201 1476 4250 eoncor-

349 4277 462 4345 datum
479 4282 641 4351 extitisset
665 4284 752 4351 inter
767 4293 886 4370 partes,
903 4288 988 4355 sicut
1007 4290 1115 4357 eciam
1131 4291 1166 4357 id
1183 4289 1215 4356 in
1232 4289 1358 4358 litteris
1377 4292 1475 4378 ipsios

348 4383 485 4452 Comitis
501 4390 661 4474 Stephani
677 4392 900 4462 Viee-Judicis
918 4396 1018 4465 Ourie
1029 4395 1155 4465 domini
1174 4399 1276 4482 Regis
1293 4418 1396 4486 super
1413 4402 1476 4488 ipso

347 4489 436 4555 sacto
453 4498 612 4563 emanatis
633 4517 790 4581 expresse
813 4499 954 4569 uidimus
971 4505 1151 4574 contineri:
1170 4505 1312 4585 Quodsi
1329 4507 1414 4576 dicti
1429 4509 1475 4576 Ni-

347 4593 459 4665 coluus
476 4605 509 4666 ct
533 4602 702 4670 Johannes
719 4603 776 4690 filij
794 4606 933 4677 domitis
952 4613 1065 4699 Byter,
1083 4634 1157 4682 oum
1174 4613 1341 4703 Dyonisio
1358 4618 1474 4705 Magno
