3188 5238
605 977 660 1042 81.

77 1169 106 1236 Α
121 1172 246 1259 tihanyi
260 1175 393 1238 komveat
403 1173 674 1260 bizonysdplevete
686 1172 766 1261 hopy
776 1173 902 1258 Miletos,
913 1175 1086 1261 Zabowfla‚
1104 1174 1189 1240 Vera·

113 1281 262 1369 pretabere
277 1282 345 1347 le'oii
354 1279 442 1346 telket
457 1303 478 1344 a
492 1281 663 1366 oeezpre'me‘
676 1281 897 1370 kmptalareaalo
914 1283 1031 1350 eladta.
1048 1284 1145 1351 1295.

173 1477 244 1547 Nos
260 1477 363 1548 frater
377 1478 545 1547 Renoldns
561 1478 683 1548 Diuina
699 1479 912 1549 miseracione
927 1480 1041 1548 Abbas
1057 1489 1091 1550 et
1107 1480 1191 1548 (lon-

76 1592 191 1653 nentus
217 1586 407 1654 Monaslerii
431 1584 526 1655 Beati
552 1583 675 1652 Auiani
692 1585 735 1654 de
750 1587 894 1674 'l'lrylron
910 1585 1027 1657 damus
1051 1608 1109 1674 pro
1125 1609 1191 1658 me·

61 1695 188 1777 moria,
201 1695 459 1779 quodNieolans
475 1692 561 1762 filins
578 1694 701 1763 Zabow
717 1691 758 1762 de
773 1695 968 1781 Vesprimio‚
981 1702 1112 1764 astante
1127 1695 1191 1764 sibi

76 1803 174 1870 Panlo
190 1804 295 1872 fratre
310 1823 379 1890 suo,
396 1809 429 1872 et
454 1804 637 1888 subscripto
653 1803 840 1873 uendioioni
865 1823 925 1872 sue
940 1825 1005 1872 non
1030 1805 1191 1873 contradi-

76 1917 175 1995 sente,
191 1912 258 1980 imo
271 1910 408 1979 eandem
424 1913 633 1999 permittente
651 1933 724 1980 oum
740 1931 899 1980 eonsensu
916 1914 1065 1999 pleniori,
1083 1933 1192 1980 eoram

76 2013 165 2088 nobis
191 2021 412 2106 personaliter
443 2020 638 2090 eonstitutus
665 2019 797 2087 fundum
823 2040 917 2087 suum
943 2040 1014 2089 eum
1045 2022 1193 2090 omnibus

76 2127 212 2196 edificiis
229 2149 270 2198 ae
286 2128 362 2196 aliis
383 2129 580 2196 vtilitatibus
602 2130 690 2212 suis,
717 2131 781 2198 duo
793 2131 912 2216 jugera
933 2137 1093 2197 terrarum
1107 2131 1142 2195 in
1157 2150 1194 2198 se

77 2237 306 2322 continentem,
324 2239 436 2306 fundis
460 2237 595 2326 Mathey
613 2238 773 2306 aurifabri
789 2239 831 2304 ab
857 2237 1023 2321 aquilone,
1044 2245 1075 2305 et
1091 2240 1194 2308 Bene-

76 2347 151 2414 dioti
167 2345 293 2415 sutoris
303 2344 361 2414 lilii
376 2347 499 2415 Bekea
515 2345 651 2432 meridie
666 2346 821 2415 visinatis
833 2346 989 2416 videlieet
1005 2346 1194 2433 mediatum,

76 2457 127 2538 qui
142 2455 233 2522 inter
257 2456 338 2524 duas
363 2457 438 2525 nias
464 2455 595 2539 existit,
624 2459 660 2520 nt
675 2453 828 2538 dioebat,
855 2473 990 2538 quarum
1006 2475 1073 2524 vna
1088 2475 1109 2522 a
1123 2455 1195 2524 loeo

76 2565 135 2632 fori
150 2551 362 2634 descendite
387 2571 481 2651 parte
507 2563 769 2652 septemtrionali
784 2583 899 2632 uersus
923 2570 1054 2650 putenm
1070 2567 1191 2652 Kame,

76 2671 141 2742 alia
156 2692 240 2742 nero
257 2674 405 2740 aseendit
420 2675 453 2740 in
470 2692 619 2759 eampum
635 2695 657 2740 a
672 2678 765 2760 parte
780 2673 987 2742 meridionali
1004 2693 1063 2758 per
1078 2673 1193 2740 monti-

79 2783 194 2868 culum,
214 2782 325 2848 retulit
341 2801 379 2850 se
404 2782 595 2850 uendidisse
620 2781 815 2851 Reuerendo
843 2779 996 2869 capitulo
1016 2780 1194 2865 'vesprimi-

78 2892 163 2958 ensis
189 2891 339 2958 Eoelesie
363 2911 423 2977 pro
439 2909 504 2956 una
529 2910 642 2958 maroa
664 2891 813 2975 plenarie
838 2896 974 2976 recepta
998 2891 1040 2957 ab
1066 2890 1192 2975 eodem,

77 2999 108 3064 in
122 3009 314 3086 perpetuum
323 2998 461 3084 paeitiee
470 3006 503 3066 et
513 2999 621 3082 quiete
632 3018 673 3066 ao
683 2997 939 3066 irreuoeabiliter
949 2996 1192 3084 possidendum.

78 3107 197 3176 Datum
213 3107 249 3173 in
265 3106 348 3176 festo
364 3108 460 3176 Beati
486 3107 611 3177 Vrbani
627 3108 719 3196 Pape
734 3126 820 3176 anno
836 3107 968 3176 Domini
984 3106 1034 3175 M⁰
1050 3105 1121 3176 00⁰
1134 3114 1193 3174 'no-

79 3216 251 3302 nagesimo
271 3215 396 3300 quinto.

270 3407 417 3479 (Eredetie
431 3426 449 3464 a
461 3407 620 3484 vesnpremi
632 3409 772 3482 ktptalan
784 3406 1007 3479 leveltaraban.)
1038 3472 1041 3478 ,

511 3709 768 3722 ο--ο-,μ-...ω
