3166 5238
845 411 1001 512 „ffl-

366 609 450 679 ieris
467 613 584 693 quarto
598 607 746 694 proximu
764 615 840 694 post
857 610 975 679 festum
992 609 1049 677 SS.
1065 607 1218 693 eorporis
1236 607 1374 691 curisti,
1390 627 1476 676 anno

363 717 492 788 Domini
507 714 681 784 millesimo
697 716 923 787 ducentesimo
939 716 1152 802 nonogesimo
1169 722 1201 783 et
1217 721 1346 783 ootsvo.

363 911 501 988 (dessein
515 909 545 970 de
558 909 718 970 Fimhsber
729 911 915 973 Urkundenb.
938 931 963 969 ι.
976 911 1082 970 Geeeh.
1096 909 1231 970 Siebenb.
1255 912 1277 967 1.
1289 911 1351 969 kdt.
1373 910 1432 966 206.
1445 913 1475 980 Ι)

789 1213 1046 1230 ψ

874 1760 952 1827 tot.

361 1964 502 2028 Demeter
512 1957 664 2045 pozsooyo'
673 1957 703 2021 ds
713 1954 846 2041 zdlyomi
855 1954 993 2043 seispso
1007 1955 1118 2024 Semke
1134 1955 1268 2020 bu'ntokot
1279 1954 1372 2020 Peter
1384 1955 1473 2020 tuot

361 2092 420 2156 vap
428 2066 542 2152 fidunt
552 2063 621 2130 teeti
630 2065 690 2130 oda
700 2063 822 2149 neddoy
835 2067 985 2152 pozeooyi
995 2063 1185 2151 oerodddpp
1195 2061 1357 2129 elleoebeo.
1376 2064 1472 2128 1298.

466 2268 534 2334 Nos
550 2260 706 2346 magister
721 2261 908 2328 Demetrius
919 2261 1038 2331 Comes
1055 2260 1266 2330 Posonieusis
1284 2268 1317 2328 et
1332 2261 1374 2326 de
1392 2263 1472 2328 Zou-

360 2375 426 2443 lum
443 2371 595 2440 memorie
612 2371 878 2438 commendantes
889 2370 1110 2457 significamus
1127 2371 1242 2456 quibus
1254 2367 1388 2456 expedit
1404 2369 1471 2432 uui-

360 2481 475 2565 uersis,
504 2479 588 2566 quod
604 2497 664 2546 nos
678 2496 821 2563 oausam,
847 2498 908 2562 que
924 2481 1113 2548 uertebetur
1129 2480 1213 2546 inter
1229 2479 1358 2544 Petrum
1373 2474 1474 2542 filium

360 2588 520 2677 Thulwoy
536 2589 577 2654 ab
594 2607 659 2656 uua
674 2592 786 2673 purte,
804 2590 837 2651 et
853 2588 1058 2674 Myohaelem
1076 2607 1114 2654 ao
1131 2584 1287 2675 Myhaloh
1303 2580 1388 2673 (tgy)
1405 2581 1471 2650 fra·

359 2705 442 2765 trem
459 2695 621 2780 eiusdem,
646 2695 834 2761 Marcellum
860 2702 893 2760 et
908 2695 1034 2762 Kemeu
1058 2716 1098 2762 ao
1122 2693 1258 2778 Vendeg
1282 2697 1471 2759 oostrens'es

358 2828 417 2896 pro
434 2827 470 2873 se
487 2811 519 2871 et
536 2804 760 2890 cognatissuis
778 2804 820 2868 ab
838 2803 951 2888 altera,
969 2822 1010 2868 ex
1029 2809 1183 2888 preoepto
1195 2807 1226 2868 et
1242 2800 1400 2870 mandato
1416 2798 1472 2867 do·

358 2913 435 2980 mini
451 2912 571 2998 Regis,
595 2930 660 2978 vua
677 2931 748 2978 oum
761 2910 927 2995 judioibus
952 2910 1118 2979 odomino
1140 2911 1229 2996 Rege
1254 2909 1420 2994 deputatis
1436 2907 1470 2972 iu

359 3021 519 3090 comitatu
537 3019 748 3103 Posoniensi,
774 3027 807 3085 et
823 3019 900 3104 ulijs
918 3039 1014 3104 quam
1031 3019 1176 3105 pluribus
1192 3017 1357 3085 nobilibus
1374 3023 1408 3083 et
1417 3018 1467 3103 jo·

357 3129 554 3214 bagiouibus
580 3129 678 3194 oostri
695 3128 904 3196 Posonieusis
930 3125 1102 3214 sedentes,
1129 3126 1306 3195 seeundum
1333 3128 1470 3192 formam

353 3234 471 3322 judioij
502 3234 701 3320 iudicantes,
735 3237 917 3302 iuueuimus
944 3242 976 3302 et
1007 3237 1160 3304 soiuimus
1192 3237 1233 3302 de
1259 3237 1470 3324 possessione

357 3343 478 3428 Semky
494 3347 621 3423 uocato,
639 3341 728 3428 ipsos
746 3350 928 3409 cestrenses
945 3341 1045 3408 uiohil
1063 3343 1142 3410 iuris
1152 3344 1283 3426 habere,
1301 3345 1379 3427 quia
1396 3341 1470 3428 ipsa

356 3451 523 3538 possessio
540 3449 682 3537 Semkey
699 3447 784 3538 (igy)
802 3471 860 3536 per
876 3449 1082 3534 priuilegium
1100 3451 1222 3519 domiui
1239 3453 1338 3538 Regis
1354 3457 1388 3518 et
1404 3450 1471 3514 alia

358 3557 575 3624 instrumenta
599 3555 736 3643 predicti
761 3558 849 3626 Petri
874 3556 933 3643 filij
949 3555 1118 3645 Thuluoy‚
1145 3561 1229 3626 siout
1249 3560 1346 3642 olim,
1373 3558 1421 3624 sio
1438 3563 1469 3622 et

360 3682 443 3734 nuno
469 3663 581 3732 debuit
605 3685 680 3734 esse
697 3672 729 3732 et
746 3673 796 3734 est
819 3672 979 3753 perpetua
1003 3667 1036 3731 in
1055 3667 1138 3733 filios
1162 3665 1320 3754 filiorum,
1346 3666 1469 3736 eisdem

358 3792 435 3841 uero
452 3772 674 3841 castrensibus
696 3793 793 3860 super
809 3773 927 3842 eadem
942 3777 1153 3860 possessione
1178 3776 1349 3845 sileueium
1369 3776 1469 3862 impo-

358 3883 498 3968 suimus;
523 3882 601 3967 quia
616 3882 753 3950 eandem
768 3884 1021 3970 possessiouem,
1045 3884 1176 3952 iusticia
1199 3881 1373 3972 mediante,
1398 3901 1468 3969 pre·

357 3990 444 4059 dioto
459 3993 556 4058 Petro
574 4009 686 4060 eorem
702 3990 857 4077 prediotis
869 3991 1036 4079 judicibus
1061 4001 1094 4059 et
1105 3991 1345 4079 jobagionibus
1361 3988 1467 4059 Cosiri

356 4097 506 4168 dedimus
523 4105 555 4165 et
565 4100 806 4192 assignouimus
816 4108 973 4186 perpetuo
990 4101 1023 4166 iu
1038 4099 1121 4169 filios
1141 4099 1281 4169 filiorum
1292 4101 1465 4186 possiden·

357 4205 443 4272 dam.
468 4209 588 4274 Datum
615 4208 762 4276 Sabbato
786 4207 934 4294 proximo
960 4215 1036 4276 ante
1063 4207 1266 4277 Dominioam
1286 4207 1463 4290 quoosuit,

358 4332 444 4389 suno
461 4313 592 4382 Domini
606 4317 656 4383 ΙΙΙο
672 4313 741 4384 00⁰
755 4317 968 4402 nonagesimo
985 4321 1112 4387 ootouo.

355 4503 417 4577 (ΙΙΙ.
430 4508 524 4565 Eudre
543 4510 697 4583 kirtiynsk
720 4528 815 4586 ugyun
838 4513 948 4570 1298-Ιί
970 4510 1142 4586 megero'sitii
1165 4513 1372 4586 okmdnydbdh
1395 4513 1463 4570 mint

702 4601 820 4658 fentebb
836 4603 894 4656 122.
908 4622 948 4658 sz.
961 4621 987 4659 a.
1000 4605 1032 4657 Κ
1092 4605 1116 4670 ).

898 4766 921 4775 ...ι
926 4769 937 4774 ι.
943 4769 947 4775 -
953 4770 1039 4782 mm...—
