3262 5242
887 337 1045 442 Q..-

399 528 553 598 studeant
582 539 615 600 et
638 533 741 618 tueri,
768 532 889 618 tibique
906 554 1004 621 super
1029 535 1096 602 illis
1121 543 1277 618 tanquam
1304 536 1516 602 devotissime
1628 521 1630 572 ²

400 640 495 708 Sedis
520 643 710 725 Apostolice
736 643 801 710 filie
827 665 863 710 se
887 645 1031 713 reddant
1056 645 1258 713 favorabiles
1285 651 1318 712 et
1342 645 1516 728 benignos,
1629 635 1630 640 ἵ

398 748 514 834 quibus
534 756 601 816 tam
627 770 726 837 super
751 759 926 835 moratus,
947 773 1045 838 quam
1070 772 1168 838 super
1194 755 1282 821 exitu
1299 753 1342 820 de
1366 752 1518 836 Ungarie

398 856 546 942 partibus
575 858 705 942 aperire
732 861 854 945 poteris
883 866 992 928 votum
1008 869 1105 928 tuum.
1131 863 1251 927 Datum
1270 861 1362 947 apud
1378 859 1518 929 Urbem·

398 966 549 1034 Veterem
565 967 603 1033 V.
620 966 699 1033 Idus
716 967 927 1054 Septembris,
953 969 1161 1038 Pontificatus
1180 971 1283 1036 nostri
1300 991 1388 1038 anuo
1405 970 1517 1036 tertio.

398 1177 457 1250 (IV.
472 1180 577 1237 Milulbs
590 1180 668 1254 ptpa
679 1181 877 1256 Regesttibbl,
890 1185 1016 1243 Theiner
1028 1185 1215 1241 Monumenta
1228 1184 1284 1240 stb.
1298 1185 1319 1239 1.
1332 1184 1393 1240 lub't.
1407 1184 1471 1240 369.
1485 1181 1517 1253 l.)

835 1483 1085 1500 Μ

401 2281 460 2346 IV.
477 2279 595 2374 Milelbs
605 2286 698 2367 papa
714 2282 895 2348 Beaceaoto
911 2284 1057 2370 eugobioi
1067 2285 1248 2372 pbapblrcek
1264 2288 1295 2350 e‘s
1311 2286 1448 2370 apostoli
1465 2287 1519 2349 1ιό-

399 2389 515 2472 oetaek,
536 2389 718 2454 sLodomeb·
734 2393 916 2477 eszterpami
933 2393 1079 2457 tractaret
1093 2393 1288 2480 mepbapyja,
1313 2393 1394 2479 bopy
1408 2395 1518 2457 Elaee-

400 2497 447 2562 bet
462 2495 721 2583 bzoepylcirdlyat
737 2499 895 2584 jopaiacle
918 2502 949 2562 e's
964 2499 1143 2564 endebeioele
1163 2499 1423 2585 fenataotdadrol
1446 2523 1521 2586 pon-

783 2606 1011 2691 doslrodjacalc.
1028 2609 1123 2674 1290.

512 2820 671 2890 Nicolaus
696 2820 879 2908 Episcopus
906 2841 1020 2890 seruus
1045 2843 1210 2892 seruorum
1239 2824 1303 2890 Dei
1332 2814 1523 2890 venerabil

400 2929 494 2997 fratri
510 2932 547 2996 Β.
563 2931 728 3016 Episcopo
745 2929 935 3014 Eugubino,
960 2931 1148 3016 Apostolice
1165 2933 1262 3000 Sedis
1278 2936 1412 3018 Legato
1431 2935 1518 2998 salu-

400 3045 464 3106 tem
480 3045 513 3106 et
528 3037 751 3124 Apostolieam
766 3038 1041 3105 benedictionem.
1069 3039 1145 3106 Cum
1163 3047 1196 3108 te
1212 3040 1258 3107 ad
1276 3041 1385 3126 Regni
1402 3049 1519 3127 partes

400 3148 565 3233 Ungsrie,
582 3147 614 3212 ln
631 3164 712 3229 quo,
739 3152 772 3211 et
786 3147 820 3212 in
836 3147 1003 3213 nonnullis
1020 3149 1097 3214 aliis
1112 3148 1230 3214 vicinis
1257 3148 1305 3216 illi
1323 3151 1519 3232 provinciis,

400 3257 574 3324 commisso
590 3255 650 3322 tibi
666 3255 765 3340 plene
792 3255 969 3336 legationis
995 3253 1120 3340 officio,
1146 3254 1346 3324 fiducialiter
1373 3259 1521 3324 destine-

397 3387 489 3449 mus,
507 3371 541 3431 et
556 3364 831 3446 intellexerimus,
859 3364 947 3446 quod
963 3364 1126 3445 quondam
1143 3414 1150 3429 .
1168 3413 1175 3429 .
1195 3415 1202 3429 .
1217 3365 1291 3430 Rex
1308 3363 1459 3448 Ungarie
1476 3367 1520 3431 de

398 3473 507 3540 medio
524 3474 567 3539 sit
583 3473 742 3555 sublatus,
760 3490 820 3537 nos
837 3472 882 3538 ad
908 3472 1109 3538 carissimam
1136 3474 1168 3538 in
1186 3472 1319 3540 Christe
1336 3469 1440 3538 filiam
1458 3493 1516 3538 no·

397 3590 500 3650 stram
516 3582 553 3647 ll.
577 3579 735 3664 Reginam
752 3577 898 3662 ngarie
914 3577 1098 3662 Illustrem,
1113 3585 1226 3646 natam
1251 3579 1341 3646 clare
1361 3580 1521 3648 memorie

400 3691 509 3761 Caroli
534 3688 636 3774 Regis
662 3687 794 3764 Sicilie,
821 3705 920 3770 super
945 3687 1111 3754 doloribus
1135 3694 1169 3754 et
1189 3685 1426 3756 afflictionibus
1452 3689 1522 3756 suis

398 3805 549 3888 gerentes
565 3803 702 3883 paterne
713 3795 950 3879 compassionis
961 3794 1120 3878 affectum,
1138 3797 1292 3864 volumus
1304 3802 1338 3862 et
1354 3816 1414 3882 per
1432 3797 1520 3882 Apo-

399 3907 516 3986 stolica
530 3907 591 3974 tibi
607 3903 730 3988 scripta
746 3902 957 3987 mandamus,
983 3909 1142 3987 quatenus
1168 3925 1229 3990 pro
1245 3911 1364 3972 nostra
1384 3912 1419 3970 et
1434 3909 1523 3992 Apo-

400 4016 516 4082 stolice
533 4013 631 4082 Sedis
656 4011 844 4078 reverentia
868 4011 1026 4093 Reginam
1042 4012 1148 4096 ipsam
1174 4014 1302 4086 habens
1319 4009 1522 4100 propensius

400 4123 672 4206 commendatam,
689 4119 836 4204 benigne
851 4125 884 4186 te
900 4138 1014 4206 gerere
1040 4123 1173 4188 studeas
1190 4123 1383 4208 circaeam,
1402 4124 1523 4192 dotali·

397 4233 445 4299 tia
460 4237 494 4296 et
508 4231 572 4296 alia
587 4231 678 4296 bons
698 4233 730 4292 et
745 4227 817 4293 iura
834 4226 938 4310 ipsius
954 4231 1193 4296 manutenendo
1212 4232 1413 4300 sollicite-ac
1429 4232 1521 4300 favo·

396 4338 547 4405 rabiliter
575 4334 802 4418 elefeudeuel03
825 4335 916 4400 illam
941 4334 975 4399 in
999 4335 1063 4401 hiis
1088 4336 1272 4405 efficaciam
1298 4340 1524 4425 impensurus,
1629 4393 1630 4416 ,

398 4453 435 4513 ut
449 4443 596 4532 predicta
613 4443 740 4528 Regina
769 4443 815 4508 tui
830 4441 956 4508 favoris
972 4444 1126 4510 auxilium
1144 4444 1208 4514 sibi
1225 4447 1351 4514 sentiat
1375 4449 1524 4534 profutu-
1629 4421 1630 4506 Ϊ

398 4574 479 4639 rum,
495 4559 594 4634 tuque
609 4551 747 4638 proinde
763 4551 870 4639 possis
887 4553 1017 4619 anobis
1028 4573 1095 4622 non
1105 4555 1266 4624 immerito
1286 4559 1522 4626 commendari.
1628 4565 1630 4610 l

400 4663 551 4734 Ceterum
565 4660 724 4745 volumus,
740 4666 774 4726 ut
790 4659 831 4724 de
849 4659 1028 4729 intentione
1044 4662 1147 4747 ipsius
1163 4666 1293 4751 Regius
1310 4685 1411 4753 super
1429 4688 1524 4735 mora
