3262 5242
397 1200 461 1266 III.
472 1199 580 1265 Endrc
589 1198 694 1286 kira'ly
703 1202 804 1286 dtr’rja
814 1201 846 1264 έε
854 1201 1032 1287 meparttatri
1040 1199 1062 1266 l
1066 1199 1101 1266 V.
1113 1199 1229 1264 Lurztc
1235 1199 1411 1288 kirdlyuok
1421 1204 1520 1268 1277.

402 1309 452 1372 cci
461 1307 577 1394 develet,
587 1307 732 1395 melylycl
742 1330 775 1372 cz
784 1310 964 1394 apotaonys'
972 1306 1129 1394 lcctptolou
1138 1307 1274 1374 birtokdt
1287 1311 1521 1395 maperb'ettette.

907 1417 1005 1482 1291.

523 1614 678 1681 Andreas
709 1614 774 1682 Dei
805 1614 920 1699 gracia
944 1613 1111 1699 Ungaria,
1143 1615 1336 1702 Dalmacie,
1368 1616 1518 1705 Oroscic,
1609 1613 1610 1650 ³

398 1724 501 1792 Rama
510 1776 519 1809 ,
537 1725 670 1808 Seruis,
688 1723 848 1813 Gallicic,
865 1725 1077 1811 Lodomeric,
1103 1723 1260 1792 (lomenia
1270 1773 1279 1808 ,
1296 1727 1518 1812 Bulgarieque

397 1835 468 1901 Rex
484 1833 645 1901 uniuersis
661 1839 836 1918 presentes
861 1835 987 1901 litteras
1004 1834 1223 1918 intuentibus,
1250 1833 1392 1900 salutern
1410 1836 1444 1901 in
1461 1855 1518 1904 sa·
1609 1901 1610 1924 ξ

398 1941 476 2007 lutis
493 1942 660 2026 largitore.
684 1942 979 2011 luminariorum
998 1943 1156 2010 noticiam
1171 1941 1285 2010 harum
1308 1944 1394 2010 serie
1418 1945 1518 2010 woln'-

398 2070 468 2119 mus
485 2051 675 2138 peruenire,
700 2051 787 2132 qnod
803 2051 962 2117 discretus
978 2050 1028 2117 vir
1041 2054 1197 2135 magister
1212 2051 1310 2117 Haab
1326 2052 1517 2136 Propositus
1609 2053 1610 2098 ³

398 2168 431 2228 et
447 2161 631 2246 Capitulum
650 2161 799 2228 Ecclesia
816 2161 1029 2230 Posoniensis
1056 2160 1170 2227 fideles
1187 2159 1292 2226 nostri
1309 2159 1353 2225 ad
1369 2163 1517 2228 nostram

397 2268 591 2335 accedentes
608 2269 827 2354 presenciam,
844 2269 1062 2336 exhibuerunt
1077 2269 1172 2334 nobis
1188 2269 1395 2354 priuilegium
1416 2269 1517 2336 domi·
1609 2279 1610 2362 j

398 2378 430 2444 ni
447 2376 597 2444 Ladizlai
612 2378 701 2444 clare
719 2377 873 2443 memorie
898 2378 1040 2445 illustris
1058 2377 1221 2462 quondam
1241 2379 1342 2464 Regis
1361 2377 1516 2465 Vngarie,

397 2486 554 2574 patruelis
571 2487 675 2552 nostri
700 2486 887 2575 karissimi,
914 2505 1012 2571 super
1027 2487 1135 2570 lacto,
1161 2506 1220 2553 seu
1236 2487 1421 2553 donacione
1437 2507 1516 2572 qna·
1609 2511 1610 2560 t

397 2595 544 2664 rumdam
560 2596 713 2662 villarum
729 2595 872 2684 Samud,
898 2597 996 2666 Welk
1013 2603 1046 2662 et
1060 2595 1167 2664 Kurth
1183 2602 1392 2680 coaeterum,
1410 2617 1450 2664 ac
1464 2617 1516 2664 su·

396 2725 455 2790 per
471 2704 666 2788 quibusdam
682 2707 873 2793 piscaturis,
891 2705 968 2772 olim
984 2705 1179 2790 conlectum,
1196 2712 1348 2790 petentes
1364 2712 1515 2772 anostra
1609 2695 1610 2772 ἕ

397 2813 599 2882 celsitudine
617 2832 688 2878 cum
704 2813 886 2902 instancia,
906 2820 942 2882 vt
956 2813 1174 2882 donacionem
1191 2813 1233 2880 da
1252 2815 1411 2898 predictis
1427 2814 1515 2880 villis
1609 2859 1610 2862 =

397 2931 430 2988 et
445 2922 622 3008 piscaturis
649 2923 862 3006 Prepositure
888 2929 921 2989 ct
937 2922 1087 2990 Ecclesia
1102 2923 1293 2989 Posoniensi
1318 2923 1443 2988 factam
1458 2941 1514 2986 ra-

396 3029 609 3113 laniabere,
627 3036 659 3096 et
675 3030 781 3114 ipsum
797 3031 1001 3118 priuilegium
1028 3031 1151 3097 domini
1176 3030 1325 3099 Ladizlai
1349 3031 1452 3116 Regis
1467 3029 1516 3094 in·
1609 3039 1610 3122 j

397 3139 559 3227 nouando,
575 3145 686 3206 nostro
704 3139 1096 3224 dignaremurpriuilegio
1113 3138 1314 3208 confirmare.
1328 3141 1428 3209 Ouios
1446 3139 1515 3222 qui·

396 3248 470 3314 dem
485 3247 651 3335 priuilegij
670 3253 762 3314 tenor
780 3249 858 3314 talis
875 3255 949 3316 est:
1609 3237 1610 3260 ¹

507 3357 684 3424 Ladizlaus
701 3357 765 3423 sib.
783 3361 965 3434 (kdvetkezilr
982 3365 1031 3421 IV.
1048 3362 1149 3420 Laszld
1165 3362 1260 3436 kirtly
1274 3364 1333 3420 127
1341 3363 1402 3419 uli
1418 3361 1514 3419 olrmd·

395 3493 461 3549 nya,
477 3475 552 3545 mely
569 3471 714 3528 olvashatd
732 3472 967 3544 Olrmdnytdrunk
982 3473 1031 3529 IV.
1052 3472 1206 3528 kdtetebeu
1222 3473 1272 3528 81.
1289 3469 1321 3542 l.)

505 3575 575 3641 Nos
592 3573 691 3656 igitur
706 3575 903 3661 peticionem
930 3573 1086 3640 dictorum
1103 3573 1253 3658 magistri
1278 3573 1376 3640 Haab
1393 3574 1513 3658 Prepe-

395 3685 449 3756 siti
466 3690 498 3752 ct
514 3683 657 3767 capituli
681 3682 893 3750 Posoniensis
917 3681 1062 3750 fidelium
1088 3688 1272 3748 nostrorum
1298 3680 1513 3748 consideran·
1609 3739 1610 3770 ,

394 3805 445 3863 tes
461 3793 531 3863 fore
555 3790 735 3876 legitimam
760 3798 793 3858 et
810 3799 1063 3859 consentaneam
1089 3793 1215 3859 racioni
1239 3797 1271 3857 et
1287 3809 1347 3878 ea,
1374 3809 1435 3874 quc
1452 3810 1513 3876 per
1609 3853 1610 3856 ,

394 3904 502 3992 ipsum
517 3901 683 3968 dominum
699 3902 821 3982 Regem
832 3901 1020 3968 Ladinlaom
1033 3902 1214 3986 patruelem
1230 3905 1376 3966 nostrum
1392 3898 1513 3965 intuitu

395 4011 528 4099 pietatis
538 4065 547 4100 ,
574 4029 612 4076 ac
628 4031 687 4096 pro
704 4011 850 4077 remedio
866 4009 971 4076 animo
992 4030 1123 4077 suorum
1140 4009 1404 4096 progenitorum,
1430 4005 1512 4073 Illu·
1609 3993 1610 4038 3

395 4120 508 4189 strium
525 4120 651 4203 Regum
667 4115 838 4202 Hungarie
864 4118 1032 4206 suipsius,
1048 4117 1177 4205 prefato
1204 4116 1376 4202 Preposito
1403 4123 1436 4182 et
1451 4115 1513 4183 Oa·

395 4227 497 4314 pitulo
513 4225 708 4295 Posoniensi
733 4226 813 4292 data
829 4231 861 4291 et
877 4227 999 4294 collata
1016 4227 1232 4304 exstiterunt,
1257 4231 1331 4292 rata
1348 4223 1512 4292 habentes

396 4345 429 4405 et
453 4335 678 4402 nichilominus
704 4334 943 4420 approbantes,
983 4335 1164 4419 predictum
1188 4333 1395 4422 priuilegium
1420 4337 1512 4400 inno·

395 4443 505 4512 uando
523 4449 555 4508 et
571 4442 611 4510 de
627 4441 726 4509 uerbo
743 4441 787 4508 ad
802 4443 936 4511 uerbum
953 4444 1161 4527 presentibus
1171 4441 1273 4508 inseri
1288 4440 1451 4526 faciendo,
1468 4440 1511 4508 de

394 4550 596 4621 Prolatorum
622 4555 653 4617 et
677 4551 842 4619 Beronum
868 4556 1067 4638 nostrorum,
1094 4551 1150 4634 qui
1164 4555 1335 4637 presentes
1359 4550 1508 4635 aderant,

395 4661 542 4746 consilio,
554 4660 702 4728 duximus
713 4659 978 4728 confirmandum.
990 4659 1052 4746 lte,
1063 4659 1150 4743 quod
1158 4678 1295 4744 presens
1306 4661 1409 4727 nostri
1419 4655 1505 4746 (tgy)
1609 4667 1610 4674 ’
