3166 5238
603 315 757 417 -16-1„
844 276 845 280 γ

112 509 339 572 concessimus
350 507 487 592 litterae,
501 509 600 592 sigilli
612 511 716 576 nosci
733 511 907 575 munimine
919 509 1098 578 roboratas.
1112 515 1232 578 Datum

109 613 146 678 in
165 615 251 682 festo
268 616 370 680 Beate
386 619 582 699 Petuouellc,
601 639 687 685 anno
716 619 846 684 Domini
863 619 911 685 Μ0
928 619 998 686 00⁰
1019 619 1231 702 nonagesimo

109 729 223 790 sexto.

109 916 329 986 (Szahadcnott
341 917 455 992 hartya.
469 921 512 975 Aa
526 920 583 977 iras
598 924 717 992 anuiyiua
734 923 915 988 elmcsddott,
929 922 1006 994 hogy
1019 927 1086 996 igeu
1099 921 1180 992 hajos
1193 921 1233 976 hi-

106 1007 249 1064 bdtlamil
262 1011 420 1081 elolvasni3
435 1013 604 1068 ¹kiiltlniisen
627 1031 644 1068 a
658 1011 788 1084 aarJellel
803 1009 915 1068 ellttott
937 1013 1091 1069 saavakdrt
1106 1013 1150 1082 jdt
1169 1030 1233 1066 nem

111 1097 259 1154 allhatok.
274 1100 299 1152 A
312 1098 376 1172 meg
390 1098 425 1170 ep
439 1100 539 1170 pecsdt
562 1100 649 1173 sduga
662 1102 789 1172 selymen
802 1100 882 1173 fiigg.
895 1099 1178 1172 Pczsonykhptalani
1191 1118 1233 1156 cr-

243 1189 345 1260 saagos
359 1189 482 1248 levdltdu
496 1191 592 1262 Capsa
605 1191 681 1248 XIV.
696 1193 779 1247 Fasc.
795 1193 838 1244 10.
854 1190 922 1246 Nnc.
937 1193 979 1248 16.
996 1193 1115 1256 Kaous.)

545 1480 799 1492 w

640 2058 717 2125 lud.

110 2252 143 2319 A
160 2257 314 2343 poaecnyi
328 2245 484 2342 lcitptclua
499 2255 777 2343 biacnyedplccelc,
802 2277 822 2318 a
837 2255 1025 2342 sehiotpcrpa‘
1048 2255 1161 2346 hoppen
1176 2264 1233 2325 mi-

109 2363 344 2430 oelteah'ldlchcu
361 2363 510 2428 luctandi
517 2362 655 2429 cundoet
664 2387 702 2427 oa
713 2362 886 2428 dudckcltclc
895 2364 976 2429 cluat
987 2366 1233 2455 tettmepdllapa‘·

551 2472 681 2536 ύάεάνόὶ.
703 2472 797 2535 1296.

223 2673 294 2740 Nos
312 2670 497 2754 Capitulum
522 2671 670 2738 Ecclesie
686 2669 898 2738 Posuniensis
922 2667 1141 2754 significamus
1165 2673 1234 2742 vni-

110 2779 233 2864 uersis,
251 2779 370 2862 quihus
388 2778 523 2865 expedit
539 2797 598 2863 per
613 2784 802 2864 presentes,
822 2779 909 2861 quod
925 2777 1107 2847 constitutis
1123 2801 1234 2867 persc-

111 2889 237 2962 naliter
264 2908 372 2956 coram
397 2887 493 2956 nohis
520 2887 670 2956 Jchanue
687 2894 720 2956 et
735 2890 832 2955 Petro
858 2885 937 2972 filijs
960 2888 1151 2970 Benedicti,
1178 2892 1231 2960 Jc·

112 2997 226 3064 hanne
240 3002 272 3062 et
288 2996 421 3064 Andtea
447 2993 524 3078 filijs
541 2994 693 3062 Nicholai
710 2993 750 3060 de
777 2993 891 3064 Raeha
901 3045 910 3078 ,
928 2994 1054 3061 laccho
1079 2995 1145 3063 filio
1162 2992 1232 3067 Ste-

112 3103 228 3190 phani,
246 3109 313 3168 tam
330 3123 389 3188 pro
406 3121 461 3184 se,
480 3119 576 3184 quam
594 3123 651 3186 pro
668 3101 770 3168 fratre
790 3121 849 3168 suo
867 3102 962 3166 Petro
979 3100 1046 3168 filio
1063 3103 1176 3170 Racha
1192 3109 1233 3174 ab

111 3233 182 3280 una
198 3221 309 3299 parte;
328 3217 396 3278 tam
408 3212 533 3281 ciuibus
546 3209 757 3278 Posuniensis
768 3209 922 3294 ciuitatis,
934 3228 1031 3292 quam
1049 3213 1232 3298 hospitibus

113 3324 160 3388 de
175 3319 309 3390 dustria
334 3325 367 3386 et
384 3321 529 3406 Vngaria
545 3321 586 3388 ab
612 3321 739 3403 altera,
766 3317 853 3384 idem
877 3317 1045 3387 Jchannes
1072 3327 1103 3384 et
1119 3322 1233 3387 Petrus

115 3427 177 3512 filij
195 3429 376 3512 Benedicti,
394 3434 426 3496 et
443 3427 543 3495 ceteri
558 3427 717 3494 nominati
741 3446 841 3511 supra
867 3433 942 3492 sunt
959 3426 1121 3512 confessi,
1148 3428 1232 3513 quod

113 3539 196 3606 licet
212 3538 352 3605 materia
369 3536 548 3619 questionis
564 3537 649 3604 inter
666 3537 756 3622 ipsos
772 3534 938 3621 predictos
955 3536 1091 3620 nobiles,
1109 3536 1234 3604 seilicet

115 3644 300 3714 Johanuem
318 3649 351 3709 et
368 3645 499 3710 Petrum
516 3651 548 3710 et
564 3645 646 3712 alios
662 3648 874 3728 prenotatcs,
901 3650 932 3708 et
945 3644 1033 3712 ciues
1059 3646 1233 3714 Posunien-

114 3772 172 3820 ses
189 3759 221 3821 et
237 3753 395 3839 hospites,
412 3773 511 3839 super
527 3752 712 3822 extorsione
728 3754 866 3838 pecunie
882 3755 1033 3838 aliqualis
1049 3755 1092 3821 sit
1109 3763 1231 3841 exorta,

113 3863 249 3928 tandem
270 3869 402 3948 propter
417 3865 534 3930 honum
551 3862 642 3947 pacis
657 3861 720 3947 ipsi
736 3861 807 3944 duo,
826 3860 983 3930 videlicet
998 3864 1114 3930 Petrus
1131 3869 1163 3930 et
1178 3863 1232 3931 Jo-

112 3969 242 4037 hannes
259 3975 291 4034 et
307 3970 408 4038 ceteri
424 3967 583 4054 predicti,
603 3989 674 4035 cum
691 3969 816 4039 ciuibus
833 3978 866 4038 et
881 3970 1067 4057 hospitibus
1083 3973 1116 4038 in
1133 3975 1233 4050 talem

113 4079 209 4162 pacis
226 4077 433 4146 concordiam
446 4077 675 4146 deuenisseut:
692 4077 785 4156 Quod
798 4098 910 4146 omnes
927 4082 1018 4148 ciues
1030 4087 1063 4147 et
1075 4079 1232 4165 hospites,

115 4187 221 4268 quiin
237 4191 347 4255 monte
364 4189 503 4274 ipsorum
521 4185 718 4272 Schintperg
734 4192 852 4254 vocato
878 4189 993 4256 vineas
1020 4187 1166 4272 hahent,
1192 4187 1232 4254 de

114 4301 225 4362 cetero
242 4297 365 4364 nullam
393 4294 602 4362 exaccionem
619 4296 672 4363 uel
688 4296 860 4361 collectam
876 4297 924 4362 eis
951 4298 1078 4364 soluere
1097 4301 1232 4363 tenean-

115 4413 176 4484 tur,
195 4402 260 4469 uisi
277 4404 439 4472 cibriones
464 4403 628 4488 ipsorum,
656 4421 737 4484 quos
754 4407 890 4470 actenus
910 4403 950 4468 de
976 4403 1118 4486 qualibet
1136 4405 1233 4473 vinea

116 4511 282 4580 mediante
299 4511 431 4580 iusticia
447 4515 603 4580 consueto
628 4531 715 4576 more
733 4529 834 4593 usque
850 4511 882 4576 in
898 4513 985 4577 hunc
1001 4510 1088 4579 diem
1105 4515 1232 4580 soluere

116 4627 375 4700 consueuerant3
393 4630 425 4689 et
441 4621 555 4688 eadem
567 4619 719 4688 libertate
731 4620 877 4706 gaudere
890 4619 1041 4705 debeant,
1061 4623 1230 4704 qualibet-¹

170 4763 589 4808 uouuuuuucmusumum-m.
738 4781 746 4794 ·
1033 4749 1071 4813 11
