3188 5238
607 936 666 1003 93.

80 1099 140 1164 ΙΙΙ.
157 1099 265 1164 Ercdrc
288 1097 395 1184 ticoly
421 1121 442 1162 a
468 1097 560 1184 loptoa'
574 1095 757 1184 Baioarfiai
779 1102 810 1164 a
836 1101 1058 1191 liptoodroljaa‘
1081 1105 1193 1193 kliaaep

79 1205 183 1293 triciti,
194 1229 217 1270 o
226 1205 344 1270 torocai
354 1205 487 1268 koaocnt
502 1203 1194 1298 awtttomabirtotaactmcpatatti.1296.

178 1368 330 1436 Andreas
346 1367 410 1434 Dei
424 1367 537 1450 gracia
552 1365 741 1452 Hungarie,
757 1364 929 1438 Dalmacie
938 1421 949 1456 ,
967 1373 1122 1459 Oroacie,
1132 1376 1194 1442 Ra-

78 1495 136 1562 me,
152 1478 266 1545 Seruio
275 1525 284 1558 ‚
302 1474 461 1558 Gallicis,
485 1474 690 1558 Lodomorie,
706 1473 870 1560 (tonante,
887 1479 1107 1578 Bulgarieque
1121 1483 1194 1551 Rex

79 1585 225 1653 omnibus
243 1583 364 1654 Christi
378 1581 529 1651 fidelibus
555 1589 740 1671 presentem
756 1583 912 1668 paginam
928 1588 1126 1676 inspecturis
1142 1611 1195 1660 sa·

76 1693 171 1761 lotem
187 1697 223 1762 in
249 1695 368 1764 salutis
383 1695 550 1782 largitore.
578 1696 627 1761 nd
642 1695 870 1764 vniuersorum
893 1703 960 1766 tam
987 1702 1194 1786 presencium

78 1823 170 1887 quam
185 1805 368 1872 futurorum
383 1804 537 1872 noticiam
562 1807 675 1869 tenore
694 1802 900 1888 presencium
920 1807 1066 1877 uolumus
1081 1805 1196 1898 perue-

77 1914 153 2002 nire,
170 1913 261 1999 quod
278 1911 444 1980 Omodeus
460 1909 665 1980 filinsBehar
682 1910 724 1978 de
736 1909 864 1998 Lyptou
880 1911 923 1980 ad
939 1923 1085 1985 nostram
1101 1936 1195 1987 aoce-

76 2023 154 2090 dens
168 2022 391 2108 presenciam,
408 2019 556 2088 exhibuit
571 2019 666 2088 nobis
681 2020 810 2087 litteras
834 2022 1057 2111 priuilegiales
1074 2026 1195 2112 Prepo·

76 2132 128 2200 siti
144 2141 177 2202 et
203 2131 391 2200 Conuentns
407 2129 557 2197 Ecclesic
581 2131 683 2197 Beate
699 2129 844 2216 Virginis
870 2130 912 2199 dc
926 2129 1059 2202 Turuch
1068 2187 1078 2222 ,
1099 2155 1196 2225 super

76 2241 160 2310 fecto
178 2240 349 2308 cniusdam
366 2237 550 2323 concambij
569 2237 652 2305 inter
667 2238 774 2326 ipsum
795 2245 828 2306 et
844 2237 963 2309 fratres
979 2261 1056 2312 snos
1073 2245 1116 2312 ab
1132 2265 1198 2328 una

74 2357 185 2438 parte,
214 2355 246 2416 et
261 2348 403 2436 populos
431 2345 472 2414 de
499 2343 653 2414 suburbio
678 2346 779 2412 castri
807 2347 848 2414 de
864 2349 995 2438 Lyptov
1019 2371 1060 2419 ex
1081 2355 1197 2440 altera,

74 2459 268 2546 confectum,
283 2465 400 2546 petens
416 2472 488 2526 cum
503 2454 679 2541 instancia,
695 2462 731 2523 ut
746 2457 854 2544 ipsum
866 2459 1077 2548 priuilegium
1092 2469 1198 2533 ratum

75 2568 216 2650 habere,
243 2575 418 2651 nostroque
443 2565 618 2653 priuilegio
635 2563 740 2649 Regio
768 2565 960 2638 confirmare
976 2571 1193 2659 dignaremur.

75 2675 172 2747 (iuius
190 2682 285 2746 tenor
300 2676 374 2742 talis
390 2683 465 2743 est:

178 2786 351 2856 Vniversis
367 2793 537 2872 presentes
547 2785 676 2854 litteras
687 2785 883 2871 inspecturis
900 2786 964 2854 stb.
979 2800 1198 2874 (lovatkazika

74 2893 184 2950 turcani
196 2891 328 2948 konvent
341 2889 455 2946 laso-ki
468 2888 623 2961 okmanya,
637 2890 709 2944 mint
721 2885 840 2947 fentebb
852 2889 897 2947 88.
911 2907 950 2948 su.
964 2889 1003 2962 a.)

179 2987 251 3054 Nos
266 2985 379 3069 itaquo
392 2983 487 3052 iustis
511 2988 544 3050 et
559 2983 716 3068 legitimis
732 2983 952 3068 peticionibus
976 2983 1089 3072 ipsius
1101 2983 1195 3054 Orno-

74 3093 137 3184 day
151 3095 305 3163 inclinati
321 3093 425 3180 Regio
441 3113 515 3159 cum
530 3091 656 3178 fanore,
671 3092 1004 3180 seruiciaqueipsius,
1023 3113 1086 3179 que
1099 3093 1194 3162 nobis

71 3193 106 3269 'in
122 3202 378 3291 expugnacione
394 3202 495 3268 castri
510 3203 646 3287 Adryan
672 3219 744 3268 enm
768 3201 820 3268 sui
835 3202 1006 3288 sanguinis
1030 3201 1197 3286 effusione,

75 3311 240 3392 exhibuit,
268 3309 496 3393 attendentes,
523 3309 630 3378 dictas
645 3309 772 3377 litteras
789 3308 1017 3394 priuilegiales
1034 3311 1198 3399 Prepositi

75 3427 107 3490 et
121 3423 315 3490 (lonnentus
332 3418 373 3486 de
383 3417 516 3486 Turuoln
532 3437 631 3506 super
646 3417 808 3503 premisso
819 3419 1009 3488 concambio
1019 3415 1198 3504 consectas,

74 3554 137 3599 non
153 3531 370 3613 cancellatas,
387 3549 453 3597 non
471 3527 620 3612 abrasas,
638 3534 727 3594 ratas
744 3525 907 3594 habentes
925 3535 958 3595 ct
972 3533 1139 3614 acceptas,
1156 3529 1198 3596 sle

75 3641 177 3711 uerbo
194 3641 241 3709 ad
256 3639 389 3708 uerbum
404 3637 613 3723 presentibus
629 3636 729 3703 inseri
748 3634 919 3722 facientes,
930 3631 1097 3706 attonitate
1112 3634 1198 3724 (igy)

75 3751 286 3838 presencium
311 3748 462 3816 duximus
489 3745 739 3815 confirmandas.
764 3747 803 3812 In
819 3745 909 3814 cuius
934 3765 994 3833 rey
1010 3747 1200 3814 memoriam

74 3866 335 3946 perpetuamque
351 3855 547 3940 firmitatem,
570 3860 740 3942 presentes
762 3854 982 3952 concessimus
999 3854 1125 3922 litteras
1142 3854 1199 3922 du-

74 3971 172 4056 plicis
189 3968 289 4054 sigilli
304 3967 409 4036 nostri
417 3964 594 4034 munimine
609 3967 789 4034 roboratas.
809 3963 930 4030 Datum
945 3981 1004 4046 per
1013 3981 1128 4031 manns
1143 3983 1198 4030 ve-

74 4078 235 4147 nerabilis
251 4075 355 4166 patris
372 4075 433 4143 Th.
449 4074 513 4142 Dei
529 4075 641 4162 gracia
657 4071 815 4158 Episcopi
829 4072 1025 4160 lauriensis,
1052 4071 1128 4140 aule
1143 4091 1225 4157 no,

74 4193 142 4255 stre
168 4181 464 4270 Vico-Cancellarij
490 4182 604 4252 dilecti
629 4187 663 4249 ot
682 4179 791 4248 fidelis
817 4180 931 4265 nostri,
956 4199 1044 4248 anno
1068 4180 1199 4247 Domini

74 4294 126 4362 ll⁰
141 4291 217 4363 00⁰
230 4291 442 4377 nonagesimo
458 4297 572 4376 sexto,
597 4290 702 4377 primo
726 4287 816 4358 Ydus
830 4289 930 4376 Jnlij‚
956 4288 1064 4378 Regni
1089 4295 1198 4358 autem

74 4402 184 4474 nostri
198 4422 286 4471 anno
302 4405 405 4470 sexto.

187 4548 295 4618 sappus.
320 4544 456 4601 Eredetie
467 4540 627 4614 birhtrtya
640 4557 658 4598 a
669 4535 932 4600 Hunt-Picmantol
946 4537 1058 4597 eradett
1070 4539 1200 4612 Kubinyi

75 4631 468 4708 namaetssglevtlttrtban.
486 4615 569 4704 Μ.

971 4813 1040 4885 10*
