<?xml version="1.0" encoding="UTF-8"?>
<!DOCTYPE html PUBLIC "-//W3C//DTD XHTML 1.0 Transitional//EN"
    "http://www.w3.org/TR/xhtml1/DTD/xhtml1-transitional.dtd">
<html xmlns="http://www.w3.org/1999/xhtml" xml:lang="en" lang="en">
 <head>
  <title>
</title>
<meta http-equiv="Content-Type" content="text/html;charset=utf-8" />
  <meta name='ocr-system' content='tesseract 3.04.00' />
  <meta name='ocr-capabilities' content='ocr_page ocr_carea ocr_par ocr_line ocrx_word'/>
</head>
<body>
  <div class='ocr_page' id='page_1' title='image "./codexdiplomatic02wenzgoog_0074.png"; bbox 0 0 3262 5242; ppageno 0'>
   <div class='ocr_carea' id='block_1_1' title="bbox 408 1225 1529 1427">
    <p class='ocr_par' dir='ltr' id='par_1_1' title="bbox 408 1225 1529 1427">
     <span class='ocr_line' id='line_1_1' title="bbox 408 1225 1529 1320; baseline 0.004 -28"><span class='ocrx_word' id='word_1_1' title='bbox 408 1225 432 1292; x_wconf 88' lang='lat' dir='ltr'><em>I</em></span> <span class='ocrx_word' id='word_1_2' title='bbox 436 1230 468 1298; x_wconf 89' lang='lat' dir='ltr'><strong>V.</strong></span> <span class='ocrx_word' id='word_1_3' title='bbox 486 1229 602 1294; x_wconf 76' lang='lat' dir='ltr'><strong>Miletos</strong></span> <span class='ocrx_word' id='word_1_4' title='bbox 612 1233 704 1316; x_wconf 75' lang='lat' dir='ltr'><strong>pcipe</strong></span> <span class='ocrx_word' id='word_1_5' title='bbox 720 1253 740 1292; x_wconf 89' lang='lat' dir='ltr'><strong>o</strong></span> <span class='ocrx_word' id='word_1_6' title='bbox 757 1230 907 1316; x_wconf 75' lang='lat' dir='ltr'><strong>dolpdrole</strong></span> <span class='ocrx_word' id='word_1_7' title='bbox 923 1231 1039 1296; x_wconf 72' lang='lat' dir='ltr'><strong>ercalodt</strong></span> <span class='ocrx_word' id='word_1_8' title='bbox 1055 1233 1115 1296; x_wconf 76' lang='lat' dir='ltr'><strong>iuti</strong></span> <span class='ocrx_word' id='word_1_9' title='bbox 1123 1281 1132 1316; x_wconf 83' lang='lat'><strong>,</strong></span> <span class='ocrx_word' id='word_1_10' title='bbox 1158 1231 1237 1320; x_wconf 77' lang='lat' dir='ltr'><strong>hopy</strong></span> <span class='ocrx_word' id='word_1_11' title='bbox 1254 1255 1274 1296; x_wconf 86' lang='lat' dir='ltr'><strong>o</strong></span> <span class='ocrx_word' id='word_1_12' title='bbox 1298 1233 1401 1296; x_wconf 74' lang='lat' dir='ltr'><strong>romei</strong></span> <span class='ocrx_word' id='word_1_13' title='bbox 1426 1231 1529 1297; x_wconf 80' lang='lat' dir='ltr'><strong>kailo·</strong></span> 
     </span>
     <span class='ocr_line' id='line_1_2' title="bbox 583 1332 1355 1427; baseline 0.004 -24"><span class='ocrx_word' id='word_1_14' title='bbox 583 1340 651 1403; x_wconf 75' lang='lat' dir='ltr'><strong>tileo</strong></span> <span class='ocrx_word' id='word_1_15' title='bbox 668 1339 834 1425; x_wconf 76' lang='lat' dir='ltr'><strong>epyltdaaol</strong></span> <span class='ocrx_word' id='word_1_16' title='bbox 850 1341 1045 1426; x_wconf 75' lang='lat' dir='ltr'><strong>apyosrdpdert</strong></span> <span class='ocrx_word' id='word_1_17' title='bbox 1061 1340 1240 1427; x_wconf 78' lang='lat' dir='ltr'><strong>moradjon.</strong></span> <span class='ocrx_word' id='word_1_18' title='bbox 1258 1332 1355 1408; x_wconf 79' lang='lat'><em>1&#39;291.</em></span> 
     </span>
    </p>
   </div>
   <div class='ocr_carea' id='block_1_2' title="bbox 388 1535 1530 3365">
    <p class='ocr_par' dir='ltr' id='par_1_2' title="bbox 407 1535 1530 2828">
     <span class='ocr_line' id='line_1_3' title="bbox 516 1535 1530 1624; baseline 0.006 -23"><span class='ocrx_word' id='word_1_19' title='bbox 516 1535 674 1607; x_wconf 85' lang='lat' dir='ltr'><strong>Nicolaus</strong></span> <span class='ocrx_word' id='word_1_20' title='bbox 701 1538 887 1624; x_wconf 77' lang='lat' dir='ltr'>Episcopus</span> <span class='ocrx_word' id='word_1_21' title='bbox 921 1557 1033 1604; x_wconf 85' lang='lat' dir='ltr'><strong>seruus</strong></span> <span class='ocrx_word' id='word_1_22' title='bbox 1064 1559 1231 1608; x_wconf 86' lang='lat' dir='ltr'><strong>seruorum</strong></span> <span class='ocrx_word' id='word_1_23' title='bbox 1257 1539 1320 1608; x_wconf 91' lang='lat' dir='ltr'><strong>Dei</strong></span> <span class='ocrx_word' id='word_1_24' title='bbox 1347 1540 1530 1609; x_wconf 78' lang='lat' dir='ltr'>venerabili</span> 
     </span>
     <span class='ocr_line' id='line_1_4' title="bbox 410 1643 1529 1734; baseline 0.005 -24"><span class='ocrx_word' id='word_1_25' title='bbox 410 1643 584 1714; x_wconf 84' lang='lat' dir='ltr'><strong>fratri...</strong></span> <span class='ocrx_word' id='word_1_26' title='bbox 610 1647 872 1732; x_wconf 87' lang='lat' dir='ltr'><strong>Archiepiseopo</strong></span> <span class='ocrx_word' id='word_1_27' title='bbox 898 1648 1115 1729; x_wconf 86' lang='lat' dir='ltr'><strong>Bulgarorum</strong></span> <span class='ocrx_word' id='word_1_28' title='bbox 1147 1649 1288 1734; x_wconf 82' lang='lat' dir='ltr'><strong>gratiam</strong></span> <span class='ocrx_word' id='word_1_29' title='bbox 1315 1649 1349 1715; x_wconf 94' lang='lat' dir='ltr'><strong>in</strong></span> <span class='ocrx_word' id='word_1_30' title='bbox 1374 1652 1529 1734; x_wconf 78' lang='lat' dir='ltr'><strong>presenti,</strong></span> 
     </span>
     <span class='ocr_line' id='line_1_5' title="bbox 409 1746 1528 1839; baseline 0.002 -19"><span class='ocrx_word' id='word_1_31' title='bbox 409 1775 472 1838; x_wconf 88' lang='lat' dir='ltr'><strong>que</strong></span> <span class='ocrx_word' id='word_1_32' title='bbox 489 1754 648 1839; x_wconf 89' lang='lat' dir='ltr'><strong>perducat</strong></span> <span class='ocrx_word' id='word_1_33' title='bbox 674 1755 718 1822; x_wconf 88' lang='lat' dir='ltr'><strong>ad</strong></span> <span class='ocrx_word' id='word_1_34' title='bbox 735 1755 873 1836; x_wconf 84' lang='lat' dir='ltr'>gloriam</span> <span class='ocrx_word' id='word_1_35' title='bbox 901 1757 934 1822; x_wconf 93' lang='lat' dir='ltr'><strong>in</strong></span> <span class='ocrx_word' id='word_1_36' title='bbox 952 1755 1070 1824; x_wconf 86' lang='lat' dir='ltr'><strong>loturo.</strong></span> <span class='ocrx_word' id='word_1_37' title='bbox 1095 1746 1281 1824; x_wconf 78' lang='lat' dir='ltr'><strong>Misericors</strong></span> <span class='ocrx_word' id='word_1_38' title='bbox 1298 1763 1330 1821; x_wconf 92' lang='lat' dir='ltr'><strong>et</strong></span> <span class='ocrx_word' id='word_1_39' title='bbox 1356 1757 1528 1825; x_wconf 82' lang='lat' dir='ltr'><strong>miserator</strong></span> 
     </span>
     <span class='ocr_line' id='line_1_6' title="bbox 408 1863 1528 1956; baseline -0.001 -24"><span class='ocrx_word' id='word_1_40' title='bbox 408 1863 569 1934; x_wconf 86' lang='lat' dir='ltr'><strong>Dominus</strong></span> <span class='ocrx_word' id='word_1_41' title='bbox 586 1864 642 1948; x_wconf 88' lang='lat' dir='ltr'><strong>pia</strong></span> <span class='ocrx_word' id='word_1_42' title='bbox 658 1865 871 1932; x_wconf 88' lang='lat' dir='ltr'><strong>miseratione</strong></span> <span class='ocrx_word' id='word_1_43' title='bbox 897 1865 1073 1932; x_wconf 89' lang='lat' dir='ltr'><strong>attendens</strong></span> <span class='ocrx_word' id='word_1_44' title='bbox 1098 1865 1275 1932; x_wconf 89' lang='lat' dir='ltr'><strong>humanum</strong></span> <span class='ocrx_word' id='word_1_45' title='bbox 1292 1886 1398 1953; x_wconf 85' lang='lat' dir='ltr'><strong>genus</strong></span> <span class='ocrx_word' id='word_1_46' title='bbox 1416 1867 1528 1956; x_wconf 89' lang='lat' dir='ltr'><strong>mortis</strong></span> 
     </span>
     <span class='ocr_line' id='line_1_7' title="bbox 410 1971 1526 2060; baseline 0 -20"><span class='ocrx_word' id='word_1_47' title='bbox 410 1980 573 2059; x_wconf 89' lang='lat' dir='ltr'><strong>perpetue</strong></span> <span class='ocrx_word' id='word_1_48' title='bbox 583 1971 733 2056; x_wconf 85' lang='lat' dir='ltr'><strong>nexibus,</strong></span> <span class='ocrx_word' id='word_1_49' title='bbox 743 1973 777 2039; x_wconf 91' lang='lat' dir='ltr'><strong>in</strong></span> <span class='ocrx_word' id='word_1_50' title='bbox 787 1994 867 2058; x_wconf 87' lang='lat' dir='ltr'><strong>quos</strong></span> <span class='ocrx_word' id='word_1_51' title='bbox 878 1972 984 2060; x_wconf 90' lang='lat' dir='ltr'><strong>ipsum</strong></span> <span class='ocrx_word' id='word_1_52' title='bbox 995 1973 1177 2059; x_wconf 82' lang='lat' dir='ltr'><strong>impegerat</strong></span> <span class='ocrx_word' id='word_1_53' title='bbox 1188 1973 1309 2040; x_wconf 90' lang='lat' dir='ltr'><strong>inimici</strong></span> <span class='ocrx_word' id='word_1_54' title='bbox 1321 1975 1439 2042; x_wconf 86' lang='lat' dir='ltr'><strong>dolosa</strong></span> <span class='ocrx_word' id='word_1_55' title='bbox 1455 1995 1526 2060; x_wconf 84' lang='lat' dir='ltr'><strong>sug·</strong></span> 
     </span>
     <span class='ocr_line' id='line_1_8' title="bbox 409 2079 1527 2170; baseline 0 -22"><span class='ocrx_word' id='word_1_56' title='bbox 409 2083 525 2166; x_wconf 86' lang='lat' dir='ltr'><strong>gestio,</strong></span> <span class='ocrx_word' id='word_1_57' title='bbox 542 2082 774 2150; x_wconf 88' lang='lat' dir='ltr'><strong>miserabiliter</strong></span> <span class='ocrx_word' id='word_1_58' title='bbox 783 2083 987 2166; x_wconf 89' lang='lat' dir='ltr'><strong>advolutum,</strong></span> <span class='ocrx_word' id='word_1_59' title='bbox 999 2092 1033 2149; x_wconf 90' lang='lat' dir='ltr'><strong>ut</strong></span> <span class='ocrx_word' id='word_1_60' title='bbox 1045 2104 1119 2150; x_wconf 89' lang='lat' dir='ltr'><strong>eum</strong></span> <span class='ocrx_word' id='word_1_61' title='bbox 1130 2081 1361 2170; x_wconf 87' lang='lat' dir='ltr'><strong>(igy)amorte</strong></span> <span class='ocrx_word' id='word_1_62' title='bbox 1370 2079 1527 2151; x_wconf 87' lang='lat' dir='ltr'><strong>liberaret</strong></span> 
     </span>
     <span class='ocr_line' id='line_1_9' title="bbox 409 2191 1529 2278; baseline 0.004 -22"><span class='ocrx_word' id='word_1_63' title='bbox 409 2199 568 2278; x_wconf 87' lang='lat' dir='ltr'><strong>perpetua</strong></span> <span class='ocrx_word' id='word_1_64' title='bbox 585 2199 617 2257; x_wconf 92' lang='lat' dir='ltr'><strong>et</strong></span> <span class='ocrx_word' id='word_1_65' title='bbox 632 2200 745 2259; x_wconf 90' lang='lat' dir='ltr'><strong>eterne</strong></span> <span class='ocrx_word' id='word_1_66' title='bbox 763 2192 830 2258; x_wconf 85' lang='lat' dir='ltr'><strong>vite</strong></span> <span class='ocrx_word' id='word_1_67' title='bbox 847 2193 979 2260; x_wconf 88' lang='lat' dir='ltr'><strong>beatum</strong></span> <span class='ocrx_word' id='word_1_68' title='bbox 996 2192 1212 2260; x_wconf 76' lang='lat' dir='ltr'><strong>constitueret</strong></span> <span class='ocrx_word' id='word_1_69' title='bbox 1236 2212 1475 2278; x_wconf 83' lang='lat' dir='ltr'><strong>possessorem,</strong></span> <span class='ocrx_word' id='word_1_70' title='bbox 1491 2191 1529 2260; x_wconf 91' lang='lat' dir='ltr'><strong>de</strong></span> 
     </span>
     <span class='ocr_line' id='line_1_10' title="bbox 408 2300 1526 2388; baseline 0.002 -24"><span class='ocrx_word' id='word_1_71' title='bbox 408 2300 550 2368; x_wconf 83' lang='lat' dir='ltr'><strong>Excelso</strong></span> <span class='ocrx_word' id='word_1_72' title='bbox 567 2301 650 2370; x_wconf 91' lang='lat' dir='ltr'><strong>solio</strong></span> <span class='ocrx_word' id='word_1_73' title='bbox 674 2303 796 2370; x_wconf 88' lang='lat' dir='ltr'><strong>Sancto</strong></span> <span class='ocrx_word' id='word_1_74' title='bbox 813 2321 873 2370; x_wconf 88' lang='lat' dir='ltr'><strong>suo</strong></span> <span class='ocrx_word' id='word_1_75' title='bbox 890 2302 933 2368; x_wconf 90' lang='lat' dir='ltr'><strong>ad</strong></span> <span class='ocrx_word' id='word_1_76' title='bbox 949 2303 1017 2384; x_wconf 80' lang='lat' dir='ltr'><strong>ima</strong></span> <span class='ocrx_word' id='word_1_77' title='bbox 1032 2304 1143 2370; x_wconf 91' lang='lat' dir='ltr'><strong>mundi</strong></span> <span class='ocrx_word' id='word_1_78' title='bbox 1160 2301 1344 2388; x_wconf 87' lang='lat' dir='ltr'><strong>descendit,</strong></span> <span class='ocrx_word' id='word_1_79' title='bbox 1361 2302 1418 2370; x_wconf 90' lang='lat' dir='ltr'><strong>ubi</strong></span> <span class='ocrx_word' id='word_1_80' title='bbox 1435 2309 1526 2370; x_wconf 81' lang='lat' dir='ltr'><strong>veste</strong></span> 
     </span>
     <span class='ocr_line' id='line_1_11' title="bbox 408 2410 1527 2498; baseline 0.004 -24"><span class='ocrx_word' id='word_1_81' title='bbox 408 2415 521 2477; x_wconf 86' lang='lat' dir='ltr'><strong>nostre</strong></span> <span class='ocrx_word' id='word_1_82' title='bbox 536 2411 748 2478; x_wconf 89' lang='lat' dir='ltr'><strong>mortalitatis</strong></span> <span class='ocrx_word' id='word_1_83' title='bbox 765 2411 898 2497; x_wconf 85' lang='lat' dir='ltr'><strong>indutus</strong></span> <span class='ocrx_word' id='word_1_84' title='bbox 915 2414 1001 2479; x_wconf 91' lang='lat' dir='ltr'><strong>ultro</strong></span> <span class='ocrx_word' id='word_1_85' title='bbox 1026 2410 1122 2478; x_wconf 87' lang='lat' dir='ltr'><strong>morti</strong></span> <span class='ocrx_word' id='word_1_86' title='bbox 1138 2431 1175 2480; x_wconf 89' lang='lat' dir='ltr'><strong>se</strong></span> <span class='ocrx_word' id='word_1_87' title='bbox 1191 2411 1319 2498; x_wconf 87' lang='lat' dir='ltr'><strong>optulit,</strong></span> <span class='ocrx_word' id='word_1_88' title='bbox 1338 2418 1370 2478; x_wconf 90' lang='lat' dir='ltr'><strong>et</strong></span> <span class='ocrx_word' id='word_1_89' title='bbox 1386 2419 1527 2498; x_wconf 89' lang='lat' dir='ltr'><strong>postmo-</strong></span> 
     </span>
     <span class='ocr_line' id='line_1_12' title="bbox 408 2519 1526 2605; baseline 0.001 -21"><span class='ocrx_word' id='word_1_90' title='bbox 408 2519 484 2585; x_wconf 91' lang='lat' dir='ltr'><strong>dum</strong></span> <span class='ocrx_word' id='word_1_91' title='bbox 500 2520 554 2586; x_wconf 88' lang='lat' dir='ltr'><strong>die</strong></span> <span class='ocrx_word' id='word_1_92' title='bbox 570 2520 669 2587; x_wconf 89' lang='lat' dir='ltr'><strong>tertia</strong></span> <span class='ocrx_word' id='word_1_93' title='bbox 685 2521 885 2605; x_wconf 81' lang='lat' dir='ltr'><strong>resurrexit,</strong></span> <span class='ocrx_word' id='word_1_94' title='bbox 910 2530 1047 2588; x_wconf 88' lang='lat' dir='ltr'><strong>mortem</strong></span> <span class='ocrx_word' id='word_1_95' title='bbox 1063 2530 1210 2589; x_wconf 89' lang='lat' dir='ltr'><strong>nostram</strong></span> <span class='ocrx_word' id='word_1_96' title='bbox 1237 2521 1409 2598; x_wconf 83' lang='lat' dir='ltr'><strong>destruens</strong></span> <span class='ocrx_word' id='word_1_97' title='bbox 1437 2520 1526 2588; x_wconf 90' lang='lat' dir='ltr'><strong>mori-</strong></span> 
     </span>
     <span class='ocr_line' id='line_1_13' title="bbox 408 2615 1525 2715; baseline 0.004 -25"><span class='ocrx_word' id='word_1_98' title='bbox 408 2625 514 2711; x_wconf 90' lang='lat' dir='ltr'><strong>endo,</strong></span> <span class='ocrx_word' id='word_1_99' title='bbox 550 2635 583 2696; x_wconf 84' lang='lat' dir='ltr'><strong>et</strong></span> <span class='ocrx_word' id='word_1_100' title='bbox 609 2627 711 2694; x_wconf 89' lang='lat' dir='ltr'><strong>vitam</strong></span> <span class='ocrx_word' id='word_1_101' title='bbox 737 2647 897 2714; x_wconf 86' lang='lat' dir='ltr'><strong>reparans</strong></span> <span class='ocrx_word' id='word_1_102' title='bbox 933 2629 1071 2698; x_wconf 79' lang='lat' dir='ltr'><strong>feliciter</strong></span> <span class='ocrx_word' id='word_1_103' title='bbox 1096 2629 1315 2715; x_wconf 87' lang='lat' dir='ltr'><strong>resurgendo;</strong></span> <span class='ocrx_word' id='word_1_104' title='bbox 1342 2615 1462 2698; x_wconf 83' lang='lat' dir='ltr'><strong>deiude</strong></span> <span class='ocrx_word' id='word_1_105' title='bbox 1488 2629 1525 2694; x_wconf 89' lang='lat' dir='ltr'><strong>de</strong></span> 
     </span>
     <span class='ocr_line' id='line_1_14' title="bbox 407 2735 1525 2828; baseline 0 -26"><span class='ocrx_word' id='word_1_106' title='bbox 407 2735 528 2802; x_wconf 89' lang='lat' dir='ltr'><strong>mundo</strong></span> <span class='ocrx_word' id='word_1_107' title='bbox 545 2754 743 2804; x_wconf 87' lang='lat' dir='ltr'><strong>ascensurus</strong></span> <span class='ocrx_word' id='word_1_108' title='bbox 760 2737 794 2802; x_wconf 92' lang='lat' dir='ltr'><strong>in</strong></span> <span class='ocrx_word' id='word_1_109' title='bbox 812 2739 935 2822; x_wconf 88' lang='lat' dir='ltr'><strong>celum,</strong></span> <span class='ocrx_word' id='word_1_110' title='bbox 962 2737 1113 2828; x_wconf 84' lang='lat' dir='ltr'><strong>negregi</strong></span> <span class='ocrx_word' id='word_1_111' title='bbox 1131 2738 1294 2806; x_wconf 89' lang='lat' dir='ltr'><strong>dominico</strong></span> <span class='ocrx_word' id='word_1_112' title='bbox 1317 2739 1400 2807; x_wconf 89' lang='lat' dir='ltr'><strong>tanti</strong></span> <span class='ocrx_word' id='word_1_113' title='bbox 1416 2756 1525 2824; x_wconf 90' lang='lat' dir='ltr'><strong>asper-</strong></span> 
     </span>
    </p>

    <p class='ocr_par' dir='ltr' id='par_1_3' title="bbox 388 2842 1525 3365">
     <span class='ocr_line' id='line_1_15' title="bbox 388 2842 1524 2938; baseline -0.003 -23"><span class='ocrx_word' id='word_1_114' title='bbox 388 2907 390 2915; x_wconf 48' lang='lat'><strong>,</strong></span> <span class='ocrx_word' id='word_1_115' title='bbox 408 2844 500 2910; x_wconf 91' lang='lat' dir='ltr'><strong>sione</strong></span> <span class='ocrx_word' id='word_1_116' title='bbox 517 2843 639 2910; x_wconf 88' lang='lat' dir='ltr'><strong>cruoris</strong></span> <span class='ocrx_word' id='word_1_117' title='bbox 650 2842 821 2931; x_wconf 89' lang='lat' dir='ltr'><strong>redempto</strong></span> <span class='ocrx_word' id='word_1_118' title='bbox 839 2865 917 2913; x_wconf 91' lang='lat' dir='ltr'><strong>cura</strong></span> <span class='ocrx_word' id='word_1_119' title='bbox 928 2845 1061 2912; x_wconf 86' lang='lat' dir='ltr'><strong>deesset</strong></span> <span class='ocrx_word' id='word_1_120' title='bbox 1077 2846 1230 2932; x_wconf 72' lang='lat' dir='ltr'><strong>pastoris</strong></span> <span class='ocrx_word' id='word_1_121' title='bbox 1248 2847 1386 2938; x_wconf 89' lang='lat' dir='ltr'><strong>Beatum</strong></span> <span class='ocrx_word' id='word_1_122' title='bbox 1398 2847 1524 2914; x_wconf 87' lang='lat' dir='ltr'><strong>Petrum</strong></span> 
     </span>
     <span class='ocr_line' id='line_1_16' title="bbox 407 2937 1524 3042; baseline 0 -24"><span class='ocrx_word' id='word_1_123' title='bbox 407 2953 638 3038; x_wconf 84' lang='lat' dir='ltr'><strong>Apostolorum</strong></span> <span class='ocrx_word' id='word_1_124' title='bbox 651 2952 843 3038; x_wconf 90' lang='lat' dir='ltr'><strong>principem,</strong></span> <span class='ocrx_word' id='word_1_125' title='bbox 861 2960 977 3036; x_wconf 88' lang='lat' dir='ltr'><strong>etpost</strong></span> <span class='ocrx_word' id='word_1_126' title='bbox 994 2974 1067 3020; x_wconf 90' lang='lat' dir='ltr'><strong>eum</strong></span> <span class='ocrx_word' id='word_1_127' title='bbox 1078 2973 1192 3022; x_wconf 91' lang='lat' dir='ltr'><strong>omnes</strong></span> <span class='ocrx_word' id='word_1_128' title='bbox 1210 2955 1280 3020; x_wconf 88' lang='lat' dir='ltr'><strong>eius</strong></span> <span class='ocrx_word' id='word_1_129' title='bbox 1292 2955 1324 3020; x_wconf 92' lang='lat' dir='ltr'><strong>in</strong></span> <span class='ocrx_word' id='word_1_130' title='bbox 1337 2937 1524 3042; x_wconf 76' lang='lat' dir='ltr'><strong>perpetuum</strong></span> 
     </span>
     <span class='ocr_line' id='line_1_17' title="bbox 395 3047 1524 3150; baseline -0.006 -16"><span class='ocrx_word' id='word_1_131' title='bbox 395 3081 619 3150; x_wconf 77' lang='lat' dir='ltr'><strong>,successores</strong></span> <span class='ocrx_word' id='word_1_132' title='bbox 637 3062 789 3129; x_wconf 89' lang='lat' dir='ltr'><strong>Vioarios</strong></span> <span class='ocrx_word' id='word_1_133' title='bbox 807 3079 884 3130; x_wconf 90' lang='lat' dir='ltr'><strong>suos</strong></span> <span class='ocrx_word' id='word_1_134' title='bbox 901 3063 935 3128; x_wconf 88' lang='lat' dir='ltr'><strong>in</strong></span> <span class='ocrx_word' id='word_1_135' title='bbox 951 3064 1048 3130; x_wconf 86' lang='lat' dir='ltr'><strong>terris</strong></span> <span class='ocrx_word' id='word_1_136' title='bbox 1074 3047 1288 3148; x_wconf 83' lang='lat' dir='ltr'><strong>constituens,</strong></span> <span class='ocrx_word' id='word_1_137' title='bbox 1317 3064 1364 3131; x_wconf 90' lang='lat' dir='ltr'><strong>eis</strong></span> <span class='ocrx_word' id='word_1_138' title='bbox 1382 3063 1524 3130; x_wconf 84' lang='lat' dir='ltr'><strong>decrevit</strong></span> 
     </span>
     <span class='ocr_line' id='line_1_18' title="bbox 409 3169 1524 3257; baseline -0.004 -17"><span class='ocrx_word' id='word_1_139' title='bbox 409 3173 459 3240; x_wconf 86' lang='lat' dir='ltr'><strong>sui</strong></span> <span class='ocrx_word' id='word_1_140' title='bbox 475 3169 587 3257; x_wconf 85' lang='lat' dir='ltr'><strong>gregis</strong></span> <span class='ocrx_word' id='word_1_141' title='bbox 604 3189 714 3234; x_wconf 89' lang='lat' dir='ltr'><strong>curam</strong></span> <span class='ocrx_word' id='word_1_142' title='bbox 732 3177 764 3236; x_wconf 89' lang='lat' dir='ltr'><strong>et</strong></span> <span class='ocrx_word' id='word_1_143' title='bbox 780 3171 1033 3238; x_wconf 90' lang='lat' dir='ltr'><strong>sollicitudinem</strong></span> <span class='ocrx_word' id='word_1_144' title='bbox 1052 3171 1325 3240; x_wconf 88' lang='lat' dir='ltr'><strong>committendam.</strong></span> <span class='ocrx_word' id='word_1_145' title='bbox 1351 3174 1441 3240; x_wconf 87' lang='lat' dir='ltr'><strong>Sane</strong></span> <span class='ocrx_word' id='word_1_146' title='bbox 1458 3191 1524 3238; x_wconf 90' lang='lat' dir='ltr'><strong>cum</strong></span> 
     </span>
     <span class='ocr_line' id='line_1_19' title="bbox 408 3261 1525 3365; baseline -0.002 -19"><span class='ocrx_word' id='word_1_147' title='bbox 408 3300 479 3358; x_wconf 88' lang='lat' dir='ltr'><strong>nos,</strong></span> <span class='ocrx_word' id='word_1_148' title='bbox 496 3279 573 3345; x_wconf 87' lang='lat' dir='ltr'><strong>licet</strong></span> <span class='ocrx_word' id='word_1_149' title='bbox 588 3277 866 3345; x_wconf 79' lang='lat' dir='ltr'><strong>insufficientibus</strong></span> <span class='ocrx_word' id='word_1_150' title='bbox 883 3279 1029 3365; x_wconf 87' lang='lat' dir='ltr'><strong>meritis,</strong></span> <span class='ocrx_word' id='word_1_151' title='bbox 1054 3281 1155 3346; x_wconf 90' lang='lat' dir='ltr'><strong>simus</strong></span> <span class='ocrx_word' id='word_1_152' title='bbox 1171 3281 1276 3365; x_wconf 89' lang='lat' dir='ltr'><strong>ipsius</strong></span> <span class='ocrx_word' id='word_1_153' title='bbox 1293 3279 1357 3346; x_wconf 91' lang='lat' dir='ltr'><strong>Dei</strong></span> <span class='ocrx_word' id='word_1_154' title='bbox 1375 3261 1525 3362; x_wconf 84' lang='lat' dir='ltr'><strong>Omnipo-</strong></span> 
     </span>
    </p>
   </div>
   <div class='ocr_carea' id='block_1_3' title="bbox 285 3385 1526 3474">
    <p class='ocr_par' dir='ltr' id='par_1_4' title="bbox 285 3385 1526 3474">
     <span class='ocr_line' id='line_1_20' title="bbox 285 3385 1526 3474; baseline 0 -22"><span class='ocrx_word' id='word_1_155' title='bbox 285 3439 287 3445; x_wconf 93' lang='lat'><em>.</em></span> <span class='ocrx_word' id='word_1_156' title='bbox 384 3399 391 3404; x_wconf 81' lang='grc'><strong><em>’</em></strong></span> <span class='ocrx_word' id='word_1_157' title='bbox 408 3389 509 3455; x_wconf 88' lang='lat' dir='ltr'><strong>tentis</strong></span> <span class='ocrx_word' id='word_1_158' title='bbox 526 3385 651 3452; x_wconf 91' lang='lat' dir='ltr'><strong>Vicarii</strong></span> <span class='ocrx_word' id='word_1_159' title='bbox 668 3392 700 3451; x_wconf 91' lang='lat' dir='ltr'><strong>et</strong></span> <span class='ocrx_word' id='word_1_160' title='bbox 717 3385 863 3452; x_wconf 89' lang='lat' dir='ltr'><strong>eiusdem</strong></span> <span class='ocrx_word' id='word_1_161' title='bbox 879 3389 1110 3471; x_wconf 88' lang='lat' dir='ltr'><strong>Apostolorum</strong></span> <span class='ocrx_word' id='word_1_162' title='bbox 1134 3387 1291 3474; x_wconf 86' lang='lat' dir='ltr'><strong>principis</strong></span> <span class='ocrx_word' id='word_1_163' title='bbox 1308 3406 1526 3470; x_wconf 85' lang='lat' dir='ltr'><strong>successores,</strong></span> 
     </span>
    </p>
   </div>
   <div class='ocr_carea' id='block_1_4' title="bbox 406 3493 1529 4797">
    <p class='ocr_par' dir='ltr' id='par_1_5' title="bbox 406 3493 1529 4797">
     <span class='ocr_line' id='line_1_21' title="bbox 408 3493 1526 3580; baseline -0.003 -18"><span class='ocrx_word' id='word_1_164' title='bbox 408 3515 449 3562; x_wconf 84' lang='lat' dir='ltr'><strong>ex</strong></span> <span class='ocrx_word' id='word_1_165' title='bbox 466 3496 577 3565; x_wconf 88' lang='lat' dir='ltr'><strong>debito</strong></span> <span class='ocrx_word' id='word_1_166' title='bbox 594 3495 772 3580; x_wconf 88' lang='lat' dir='ltr'><strong>pastoralis</strong></span> <span class='ocrx_word' id='word_1_167' title='bbox 789 3493 889 3563; x_wconf 83' lang='lat' dir='ltr'><strong>officii</strong></span> <span class='ocrx_word' id='word_1_168' title='bbox 906 3495 975 3580; x_wconf 87' lang='lat' dir='ltr'><strong>iugi</strong></span> <span class='ocrx_word' id='word_1_169' title='bbox 990 3497 1211 3564; x_wconf 89' lang='lat' dir='ltr'><strong>sollieitudine</strong></span> <span class='ocrx_word' id='word_1_170' title='bbox 1221 3497 1337 3564; x_wconf 88' lang='lat' dir='ltr'><strong>attenti</strong></span> <span class='ocrx_word' id='word_1_171' title='bbox 1353 3495 1526 3578; x_wconf 88' lang='lat' dir='ltr'><strong>reddimur,</strong></span> 
     </span>
     <span class='ocr_line' id='line_1_22' title="bbox 407 3603 1529 3690; baseline -0.001 -19"><span class='ocrx_word' id='word_1_172' title='bbox 407 3611 442 3672; x_wconf 93' lang='lat' dir='ltr'><strong>ut</strong></span> <span class='ocrx_word' id='word_1_173' title='bbox 457 3603 625 3685; x_wconf 85' lang='lat' dir='ltr'><strong>universi,</strong></span> <span class='ocrx_word' id='word_1_174' title='bbox 652 3622 734 3684; x_wconf 90' lang='lat' dir='ltr'><strong>quos</strong></span> <span class='ocrx_word' id='word_1_175' title='bbox 751 3626 811 3690; x_wconf 92' lang='lat' dir='ltr'><strong>per</strong></span> <span class='ocrx_word' id='word_1_176' title='bbox 826 3605 1102 3690; x_wconf 76' lang='lat' dir='ltr'><strong>propagationem</strong></span> <span class='ocrx_word' id='word_1_177' title='bbox 1127 3606 1234 3673; x_wconf 90' lang='lat' dir='ltr'><strong>earnis</strong></span> <span class='ocrx_word' id='word_1_178' title='bbox 1251 3606 1394 3673; x_wconf 91' lang='lat' dir='ltr'><strong>humane</strong></span> <span class='ocrx_word' id='word_1_179' title='bbox 1411 3612 1529 3673; x_wconf 89' lang='lat' dir='ltr'><strong>natura</strong></span> 
     </span>
     <span class='ocr_line' id='line_1_23' title="bbox 408 3710 1529 3801; baseline 0.002 -22"><span class='ocrx_word' id='word_1_180' title='bbox 408 3711 565 3798; x_wconf 88' lang='lat' dir='ltr'><strong>produxit</strong></span> <span class='ocrx_word' id='word_1_181' title='bbox 581 3711 615 3778; x_wconf 94' lang='lat' dir='ltr'><strong>in</strong></span> <span class='ocrx_word' id='word_1_182' title='bbox 631 3730 715 3796; x_wconf 86' lang='lat' dir='ltr'><strong>esse,</strong></span> <span class='ocrx_word' id='word_1_183' title='bbox 733 3710 781 3777; x_wconf 89' lang='lat' dir='ltr'><strong>hii</strong></span> <span class='ocrx_word' id='word_1_184' title='bbox 797 3712 977 3800; x_wconf 85' lang='lat' dir='ltr'><strong>potissime,</strong></span> <span class='ocrx_word' id='word_1_185' title='bbox 1002 3735 1085 3798; x_wconf 85' lang='lat' dir='ltr'><strong>quos</strong></span> <span class='ocrx_word' id='word_1_186' title='bbox 1102 3716 1190 3781; x_wconf 87' lang='lat' dir='ltr'><strong>sacri</strong></span> <span class='ocrx_word' id='word_1_187' title='bbox 1209 3713 1423 3801; x_wconf 88' lang='lat' dir='ltr'><strong>baptismatis</strong></span> <span class='ocrx_word' id='word_1_188' title='bbox 1441 3713 1529 3781; x_wconf 90' lang='lat' dir='ltr'><strong>unda</strong></span> 
     </span>
     <span class='ocr_line' id='line_1_24' title="bbox 409 3819 1528 3906; baseline -0.004 -16"><span class='ocrx_word' id='word_1_189' title='bbox 409 3821 615 3906; x_wconf 87' lang='lat' dir='ltr'><strong>conspersit,</strong></span> <span class='ocrx_word' id='word_1_190' title='bbox 641 3827 733 3887; x_wconf 89' lang='lat' dir='ltr'><strong>actus</strong></span> <span class='ocrx_word' id='word_1_191' title='bbox 750 3839 827 3888; x_wconf 90' lang='lat' dir='ltr'><strong>suos</strong></span> <span class='ocrx_word' id='word_1_192' title='bbox 853 3819 1030 3906; x_wconf 92' lang='lat' dir='ltr'><strong>disponant</strong></span> <span class='ocrx_word' id='word_1_193' title='bbox 1047 3823 1081 3888; x_wconf 93' lang='lat' dir='ltr'><strong>in</strong></span> <span class='ocrx_word' id='word_1_194' title='bbox 1095 3825 1216 3890; x_wconf 88' lang='lat' dir='ltr'><strong>lumine</strong></span> <span class='ocrx_word' id='word_1_195' title='bbox 1232 3822 1404 3906; x_wconf 86' lang='lat' dir='ltr'><strong>veritatis,</strong></span> <span class='ocrx_word' id='word_1_196' title='bbox 1422 3829 1455 3888; x_wconf 91' lang='lat' dir='ltr'><strong>et</strong></span> <span class='ocrx_word' id='word_1_197' title='bbox 1471 3841 1528 3906; x_wconf 89' lang='lat' dir='ltr'><strong>per</strong></span> 
     </span>
     <span class='ocr_line' id='line_1_25' title="bbox 406 3925 1527 4018; baseline 0 -24"><span class='ocrx_word' id='word_1_198' title='bbox 406 3937 530 3998; x_wconf 87' lang='lat' dir='ltr'><strong>rectam</strong></span> <span class='ocrx_word' id='word_1_199' title='bbox 547 3927 775 3996; x_wconf 88' lang='lat' dir='ltr'><strong>mandatorum</strong></span> <span class='ocrx_word' id='word_1_200' title='bbox 793 3925 927 3998; x_wconf 89' lang='lat' dir='ltr'><strong>Domini</strong></span> <span class='ocrx_word' id='word_1_201' title='bbox 943 3931 1093 4000; x_wconf 89' lang='lat' dir='ltr'><strong>semitam</strong></span> <span class='ocrx_word' id='word_1_202' title='bbox 1106 3931 1309 4018; x_wconf 80' lang='lat' dir='ltr'><strong>gradientes,</strong></span> <span class='ocrx_word' id='word_1_203' title='bbox 1330 3938 1442 3998; x_wconf 88' lang='lat' dir='ltr'><strong>eterne</strong></span> <span class='ocrx_word' id='word_1_204' title='bbox 1453 3930 1527 3995; x_wconf 89' lang='lat' dir='ltr'><strong>bea·</strong></span> 
     </span>
     <span class='ocr_line' id='line_1_26' title="bbox 407 4035 1528 4121; baseline -0.003 -16"><span class='ocrx_word' id='word_1_205' title='bbox 407 4037 556 4105; x_wconf 90' lang='lat' dir='ltr'><strong>titudinis</strong></span> <span class='ocrx_word' id='word_1_206' title='bbox 574 4035 697 4121; x_wconf 89' lang='lat' dir='ltr'><strong>gaudia</strong></span> <span class='ocrx_word' id='word_1_207' title='bbox 723 4045 977 4119; x_wconf 86' lang='lat' dir='ltr'><strong>consequantur.</strong></span> <span class='ocrx_word' id='word_1_208' title='bbox 995 4041 1094 4105; x_wconf 92' lang='lat' dir='ltr'><strong>Porro</strong></span> <span class='ocrx_word' id='word_1_209' title='bbox 1117 4039 1161 4106; x_wconf 90' lang='lat' dir='ltr'><strong>ad</strong></span> <span class='ocrx_word' id='word_1_210' title='bbox 1178 4039 1263 4106; x_wconf 86' lang='lat' dir='ltr'><strong>hane</strong></span> <span class='ocrx_word' id='word_1_211' title='bbox 1291 4038 1528 4107; x_wconf 86' lang='lat' dir='ltr'><strong>beatitudinem</strong></span> 
     </span>
     <span class='ocr_line' id='line_1_27' title="bbox 409 4145 1527 4232; baseline -0.001 -19"><span class='ocrx_word' id='word_1_212' title='bbox 409 4146 652 4231; x_wconf 88' lang='lat' dir='ltr'><strong>assequendam</strong></span> <span class='ocrx_word' id='word_1_213' title='bbox 669 4146 861 4214; x_wconf 87' lang='lat' dir='ltr'><strong>necessario</strong></span> <span class='ocrx_word' id='word_1_214' title='bbox 879 4147 1021 4232; x_wconf 81' lang='lat' dir='ltr'><strong>exigitur</strong></span> <span class='ocrx_word' id='word_1_215' title='bbox 1032 4197 1041 4231; x_wconf 92' lang='lat'><strong>,</strong></span> <span class='ocrx_word' id='word_1_216' title='bbox 1069 4155 1103 4215; x_wconf 89' lang='lat' dir='ltr'><strong>ut</strong></span> <span class='ocrx_word' id='word_1_217' title='bbox 1119 4148 1201 4216; x_wconf 88' lang='lat' dir='ltr'><strong>fides</strong></span> <span class='ocrx_word' id='word_1_218' title='bbox 1221 4145 1411 4232; x_wconf 83' lang='lat' dir='ltr'><strong>Catholica,</strong></span> <span class='ocrx_word' id='word_1_219' title='bbox 1431 4167 1527 4230; x_wconf 90' lang='lat' dir='ltr'><strong>quam</strong></span> 
     </span>
     <span class='ocr_line' id='line_1_28' title="bbox 409 4253 1526 4342; baseline 0.001 -21"><span class='ocrx_word' id='word_1_220' title='bbox 409 4262 517 4341; x_wconf 90' lang='lat' dir='ltr'><strong>tenet,</strong></span> <span class='ocrx_word' id='word_1_221' title='bbox 542 4253 767 4342; x_wconf 87' lang='lat' dir='ltr'><strong>prophitetur,</strong></span> <span class='ocrx_word' id='word_1_222' title='bbox 795 4262 826 4322; x_wconf 90' lang='lat' dir='ltr'><strong>et</strong></span> <span class='ocrx_word' id='word_1_223' title='bbox 844 4254 938 4322; x_wconf 84' lang='lat' dir='ltr'><strong>docet</strong></span> <span class='ocrx_word' id='word_1_224' title='bbox 959 4257 1179 4324; x_wconf 85' lang='lat' dir='ltr'><strong>Sacrosaneta</strong></span> <span class='ocrx_word' id='word_1_225' title='bbox 1203 4257 1352 4326; x_wconf 86' lang='lat' dir='ltr'><strong>Romana</strong></span> <span class='ocrx_word' id='word_1_226' title='bbox 1367 4257 1526 4337; x_wconf 86' lang='lat' dir='ltr'><strong>Ecclesia,</strong></span> 
     </span>
     <span class='ocr_line' id='line_1_29' title="bbox 409 4363 1526 4452; baseline -0.001 -22"><span class='ocrx_word' id='word_1_227' title='bbox 409 4369 515 4434; x_wconf 87' lang='lat' dir='ltr'><strong>mater</strong></span> <span class='ocrx_word' id='word_1_228' title='bbox 531 4364 608 4434; x_wconf 89' lang='lat' dir='ltr'><strong>fidei</strong></span> <span class='ocrx_word' id='word_1_229' title='bbox 625 4369 657 4430; x_wconf 88' lang='lat' dir='ltr'><strong>et</strong></span> <span class='ocrx_word' id='word_1_230' title='bbox 674 4364 845 4452; x_wconf 87' lang='lat' dir='ltr'><strong>magistra,</strong></span> <span class='ocrx_word' id='word_1_231' title='bbox 863 4365 915 4430; x_wconf 90' lang='lat' dir='ltr'><strong>cui</strong></span> <span class='ocrx_word' id='word_1_232' title='bbox 930 4365 1008 4432; x_wconf 92' lang='lat' dir='ltr'><strong>lieet</strong></span> <span class='ocrx_word' id='word_1_233' title='bbox 1024 4372 1056 4432; x_wconf 88' lang='lat' dir='ltr'><strong>et</strong></span> <span class='ocrx_word' id='word_1_234' title='bbox 1071 4364 1224 4433; x_wconf 90' lang='lat' dir='ltr'><strong>immeriti</strong></span> <span class='ocrx_word' id='word_1_235' title='bbox 1238 4366 1456 4450; x_wconf 87' lang='lat' dir='ltr'><strong>presidemus,</strong></span> <span class='ocrx_word' id='word_1_236' title='bbox 1473 4363 1526 4430; x_wconf 87' lang='lat' dir='ltr'><strong>lir-</strong></span> 
     </span>
     <span class='ocr_line' id='line_1_30' title="bbox 410 4471 1525 4543; baseline 0 -4"><span class='ocrx_word' id='word_1_237' title='bbox 410 4474 505 4541; x_wconf 90' lang='lat' dir='ltr'><strong>miter</strong></span> <span class='ocrx_word' id='word_1_238' title='bbox 521 4482 551 4539; x_wconf 89' lang='lat' dir='ltr'><strong>et</strong></span> <span class='ocrx_word' id='word_1_239' title='bbox 576 4471 808 4542; x_wconf 88' lang='lat' dir='ltr'><strong>inviolabiliter·</strong></span> <span class='ocrx_word' id='word_1_240' title='bbox 833 4479 993 4540; x_wconf 85' lang='lat' dir='ltr'><strong>teneatur.</strong></span> <span class='ocrx_word' id='word_1_241' title='bbox 1019 4473 1088 4540; x_wconf 89' lang='lat' dir='ltr'><strong>Heo</strong></span> <span class='ocrx_word' id='word_1_242' title='bbox 1105 4475 1192 4543; x_wconf 92' lang='lat' dir='ltr'><strong>enim</strong></span> <span class='ocrx_word' id='word_1_243' title='bbox 1218 4473 1367 4542; x_wconf 88' lang='lat' dir='ltr'><strong>caritatis</strong></span> <span class='ocrx_word' id='word_1_244' title='bbox 1393 4481 1445 4540; x_wconf 90' lang='lat' dir='ltr'><strong>est</strong></span> <span class='ocrx_word' id='word_1_245' title='bbox 1461 4473 1525 4542; x_wconf 89' lang='lat' dir='ltr'><strong>vin-</strong></span> 
     </span>
     <span class='ocr_line' id='line_1_31' title="bbox 411 4579 1525 4666; baseline 0.002 -16"><span class='ocrx_word' id='word_1_246' title='bbox 411 4584 517 4652; x_wconf 90' lang='lat' dir='ltr'><strong>culum</strong></span> <span class='ocrx_word' id='word_1_247' title='bbox 534 4589 567 4650; x_wconf 89' lang='lat' dir='ltr'><strong>et</strong></span> <span class='ocrx_word' id='word_1_248' title='bbox 581 4581 681 4649; x_wconf 88' lang='lat' dir='ltr'><strong>totius</strong></span> <span class='ocrx_word' id='word_1_249' title='bbox 697 4579 867 4666; x_wconf 89' lang='lat' dir='ltr'><strong>religionis</strong></span> <span class='ocrx_word' id='word_1_250' title='bbox 877 4581 1084 4650; x_wconf 89' lang='lat' dir='ltr'><strong>sanctissime</strong></span> <span class='ocrx_word' id='word_1_251' title='bbox 1096 4582 1352 4652; x_wconf 86' lang='lat' dir='ltr'><strong>fundamentum.</strong></span> <span class='ocrx_word' id='word_1_252' title='bbox 1369 4582 1441 4652; x_wconf 89' lang='lat' dir='ltr'><strong>Hee</strong></span> <span class='ocrx_word' id='word_1_253' title='bbox 1457 4605 1525 4652; x_wconf 87' lang='lat' dir='ltr'><strong>rea·</strong></span> 
     </span>
     <span class='ocr_line' id='line_1_32' title="bbox 409 4689 1526 4797; baseline -0.008 -35"><span class='ocrx_word' id='word_1_254' title='bbox 409 4702 466 4797; x_wconf 79' lang='lat' dir='ltr'><strong>tus¹</strong></span> <span class='ocrx_word' id='word_1_255' title='bbox 480 4705 659 4778; x_wconf 87' lang='lat' dir='ltr'><strong>expurgat,</strong></span> <span class='ocrx_word' id='word_1_256' title='bbox 686 4694 811 4774; x_wconf 90' lang='lat' dir='ltr'><strong>mentes</strong></span> <span class='ocrx_word' id='word_1_257' title='bbox 826 4689 995 4777; x_wconf 86' lang='lat' dir='ltr'><strong>purificat,</strong></span> <span class='ocrx_word' id='word_1_258' title='bbox 1021 4693 1176 4761; x_wconf 89' lang='lat' dir='ltr'><strong>tenebras</strong></span> <span class='ocrx_word' id='word_1_259' title='bbox 1193 4690 1402 4760; x_wconf 87' lang='lat' dir='ltr'><strong>infidelitatis</strong></span> <span class='ocrx_word' id='word_1_260' title='bbox 1427 4691 1526 4780; x_wconf 85' lang='lat' dir='ltr'><strong>fugat,</strong></span> 
     </span>
    </p>
   </div>
   <div class='ocr_carea' id='block_1_5' title="bbox 0 0 1636 5242">
    <p class='ocr_par' dir='ltr' id='par_1_6' title="bbox 0 0 1636 5242">
     <span class='ocr_line' id='line_1_33' title="bbox 0 0 1636 5242; baseline 0 0"><span class='ocrx_word' id='word_1_261' title='bbox 0 0 1636 5242; x_wconf 95' lang='lat' dir='ltr'><strong> </strong></span> 
     </span>
    </p>
   </div>
  </div>
 </body>
</html>
