3262 5242
410 569 665 639 conversationis
691 567 841 636 effectum
866 589 1021 640 revocare
1041 569 1252 647 desiderans,
1278 568 1339 638 sibi
1364 576 1520 655 paternas

410 687 444 746 et
459 677 632 748 affectione
647 680 766 766 plenus
783 699 861 748 suas
878 682 1006 750 litteras
1023 681 1213 763 destinarit,
1237 701 1309 747 eum
1325 679 1446 745 adhoc
1462 699 1521 766 per

409 809 443 856 se
460 808 499 855 ac
514 787 597 854 alios
614 787 714 853 etiam
738 787 938 854 salutaribus
964 789 1095 856 monitis
1112 795 1145 856 et
1161 789 1296 856 attentis
1323 787 1520 856 exhortatio·

409 897 502 965 nibus
529 893 731 977 inducendo,
756 903 829 964 uta
845 898 1056 964 Tartarorum
1081 903 1113 962 et
1138 898 1276 965 aliorum
1301 896 1520 981 predictorum

409 1004 593 1091 dampnatis
609 1003 773 1071 erroribus
798 1006 929 1090 penitus
955 1004 1122 1072 resiliret:
1147 1011 1183 1071 at
1207 1005 1295 1074 idem
1320 1004 1390 1070 Rex
1407 1008 1523 1088 utpote

408 1114 441 1180 in
458 1131 588 1180 sensum
602 1113 773 1200 reprobum
790 1112 940 1192 deditus,
957 1134 1016 1201 per
1032 1114 1174 1200 abrupta
1189 1111 1409 1182 indevotionis
1426 1111 1521 1176 ober-

407 1240 497 1302 rans,
514 1226 548 1288 et
563 1220 607 1286 ad
622 1220 845 1302 inobedientis
869 1221 1066 1288 detestande
1083 1221 1239 1288 duritiam
1261 1240 1297 1287 se
1314 1225 1522 1301 convertens,

408 1328 593 1398 huiusmodi
608 1327 739 1396 monitis
754 1337 787 1395 et
802 1327 1101 1412 exhortationibus,
1118 1351 1201 1415 quas
1217 1331 1263 1415 pii
1279 1329 1384 1415 patris
1400 1327 1520 1414 produ·

409 1437 505 1505 cebat
519 1433 675 1512 affectus,
691 1456 807 1524 parere
823 1437 1002 1518 humiliter,
1020 1445 1116 1522 prout
1132 1438 1229 1506 nobis
1252 1437 1404 1506 clamoris
1420 1433 1523 1503 validi

408 1547 533 1638 pridem
548 1545 707 1612 revelarit
723 1545 884 1631 assertio,
901 1565 963 1612 non
980 1547 1113 1614 curarit.
1138 1546 1218 1613 (lum
1234 1555 1342 1612 autern
1359 1544 1401 1611 de
1419 1545 1522 1632 ipsius

408 1654 513 1741 Regni
528 1659 561 1719 et
577 1653 756 1721 incolarum
773 1655 843 1722 eius
860 1659 947 1721 statu
965 1654 1106 1721 sollicite
1122 1654 1320 1740 cogitantes,
1343 1658 1375 1719 te
1392 1655 1437 1720 ad
1452 1673 1522 1738 pre-

407 1764 507 1831 fatum
522 1762 691 1845 Regnum,
717 1761 893 1829 commisso
919 1761 980 1827 tibi
996 1761 1030 1827 in
1048 1781 1087 1828 eo
1104 1781 1145 1828 ac
1164 1761 1239 1826 aliis
1264 1761 1432 1829 nonnullis
1452 1781 1523 1846 pro·

408 1871 526 1941 vinciis
540 1872 637 1959 plene
652 1869 828 1956 legationis
844 1867 972 1952 officio,
997 1869 1221 1950 destinemus,
1248 1869 1396 1935 volumus
1416 1876 1450 1934 et
1464 1889 1524 1954 per

408 1980 600 2067 Apostolica
615 1979 737 2066 scripta
753 1979 812 2046 tibi
829 1979 978 2046 districtc
994 1977 1205 2065 precipiendo
1225 1979 1428 2061 mandamus,
1446 1998 1523 2061 qua-

409 2096 504 2158 tenus
538 2089 676 2157 solerter
710 2088 885 2157 attendens
911 2094 944 2154 et
974 2088 1150 2172 diligenter
1175 2087 1410 2171 considerans,
1436 2087 1523 2173 quod

410 2197 600 2282 Apostolica
624 2196 727 2264 Sedes
751 2194 936 2264 huiusmodi
961 2196 1130 2284 negotium
1155 2216 1195 2261 ex
1212 2197 1310 2263 certis
1337 2195 1523 2264 considera·

409 2305 549 2375 tionibus
566 2302 754 2389 specialiter
772 2303 861 2370 cordi
878 2305 971 2390 gerit,
991 2323 1063 2370 cum
1079 2310 1113 2369 tc
1129 2305 1173 2371 ad
1188 2311 1301 2389 partes
1318 2302 1395 2370 illas
1412 2293 1524 2389 perre-

410 2414 480 2482 nire
495 2413 677 2498 contigerit,
693 2429 753 2497 per
768 2415 863 2480 terei
880 2413 978 2479 alium
994 2433 1053 2480 seu
1063 2413 1158 2496 alios,
1175 2413 1215 2479 de
1232 2412 1350 2495 quibus
1368 2412 1525 2498 expedire

409 2522 589 2612 putaveris,
607 2521 758 2588 sollerter
767 2520 928 2606 indagare
944 2541 1098 2606 procures
1116 2528 1149 2588 et
1168 2520 1329 2604 inquirere
1339 2521 1525 2606 diligenter,

409 2638 512 2699 utrum
539 2631 684 2716 prefatus
708 2630 799 2713 Rex,
824 2628 899 2696 dum
915 2629 1022 2696 adhuc
1037 2630 1184 2710 vireret,
1209 2630 1253 2697 ad
1279 2649 1335 2696 cor
1360 2649 1521 2711 reuersus,

365 2785 369 2792 -
411 2740 524 2808 mertis
540 2758 596 2805 sue
612 2745 758 2824 tempore
773 2737 872 2805 fidem
885 2743 1012 2807 teneret
1028 2738 1222 2804 catholicam
1238 2744 1273 2804 et
1292 2743 1440 2806 servaret
1449 2790 1458 2824 ,
1476 2738 1524 2807 di·

294 2863 295 2868 ’
412 2849 518 2915 missis
535 2848 697 2915 erroribus
715 2855 747 2914 et
761 2848 861 2914 sectis
885 2848 1067 2915 infidelium
1082 2847 1277 2933 abnegatis,
1303 2847 1345 2913 ad
1361 2866 1441 2929 quos
1467 2867 1525 2930 seu

411 2975 547 3040 quarum
563 2953 807 3024 observantiam
823 2954 1013 3038 dicebatur,
1039 2956 1114 3022 dum
1130 2956 1263 3030 viveret,
1282 2957 1454 3020 transitum
1469 2956 1524 3022 ha-

411 3067 544 3133 buisse:
560 3081 715 3148 procures
726 3062 826 3129 etiam
839 3061 1064 3130 certitudinem
1076 3064 1201 3130 habere
1211 3062 1403 3149 plenariam,
1418 3068 1525 3130 utrum

411 3176 481 3241 Rex
505 3172 577 3259 ipse
604 3170 782 3238 decesserit
806 3178 970 3254 tamquam
995 3171 1183 3238 catholicus
1210 3170 1435 3258 Christianus,
1462 3193 1526 3241 non

412 3281 593 3366 hereticus,
619 3299 681 3348 uec
705 3278 933 3362 scismaticus,
958 3297 1064 3362 neque
1080 3297 1101 3343 a
1119 3276 1184 3345 fide
1199 3276 1388 3344 exorbitans
1413 3296 1525 3364 supra-

412 3389 521 3474 dicta,
545 3388 665 3472 quidve
681 3406 780 3471 super
796 3386 860 3454 hiis
876 3385 1002 3464 sciunt,
1019 3385 1157 3454 creduut
1172 3393 1205 3453 et
1223 3392 1336 3454 tenent
1352 3384 1478 3454 Prelati
1493 3397 1525 3454 et

414 3499 569 3584 religiosi,
584 3499 759 3582 Magnetes
776 3501 808 3564 et
824 3495 930 3563 clerus
946 3515 985 3562 ac
1001 3496 1141 3581 populus
1152 3496 1235 3563 dicti
1249 3495 1374 3579 Regni,
1392 3502 1426 3561 et
1437 3497 1524 3579 quod

414 3626 512 3694 super
526 3606 695 3692 premissis
712 3614 872 3675 eteorum
896 3605 1032 3690 singulis
1048 3611 1116 3672 tam
1138 3607 1178 3671 de
1193 3605 1280 3671 fama
1295 3624 1393 3688 quam
1410 3606 1452 3672 de
1467 3625 1525 3672 re-

411 3719 508 3784 ritate
524 3715 698 3800 contigerit
721 3714 865 3782 inveniri
873 3764 882 3798 ,
908 3722 941 3781 et
957 3714 1042 3796 quod
1059 3717 1159 3782 etiam
1175 3714 1217 3780 de
1233 3713 1392 3800 predictis
1417 3716 1451 3780 in
1466 3715 1526 3781 Rs·

412 3846 476 3908 gno
493 3830 620 3892 tenetur
635 3826 769 3904 eodem,
793 3824 936 3893 maxime
952 3841 973 3888 a
988 3823 1131 3890 Prelatis
1156 3830 1189 3890 et
1204 3822 1372 3905 religiosis
1388 3823 1525 3908 eisdem,

411 3935 505 4002 nobis
521 3935 627 4020 plene,
645 3931 802 4014 seriatim,
820 3933 976 3999 distincte
993 3951 1034 3998 ac
1049 3931 1156 3999 lucide
1175 3932 1367 4016 quantocius
1378 3951 1437 4019 per
1452 3953 1525 4018 prc-

411 4044 516 4130 prium
527 4043 670 4110 nuntium
681 4041 816 4109 studeas
833 4041 996 4109 intimare.
1008 4040 1131 4108 Datum
1141 4039 1227 4127 opud
1239 4039 1525 4110 Urbem-Veterem

409 4151 523 4219 Idibus
538 4152 753 4239 Septembris.
770 4151 983 4218 Pontificatus
998 4151 1100 4220 nostri
1115 4170 1202 4220 anno
1219 4150 1327 4220 tertio.

501 4345 553 4419 (IV
554 4369 561 4404 ·.
573 4346 681 4406 Mikros
693 4346 773 4423 popa
785 4348 866 4421 Rege
872 4345 985 4420 srdibol,
999 4345 1127 4406 'I'heiuer
1140 4347 1179 4404 id.
1193 4365 1230 4406 m.
1243 4344 1265 4404 I.
1277 4347 1306 4406 lr.
1319 4345 1381 4404 869.
1394 4346 1431 4415 l.)

837 4643 1104 4662 m
