3166 5238
653 968 730 1036 tte.

131 1166 199 1230 III.
216 1163 324 1228 Endre
349 1163 458 1250 kirtly
483 1165 659 1250 meqerb'sr'ti
673 1165 783 1229 Istudre
808 1165 1089 1254 alerszctybt'rriaak
1114 1171 1262 1236 leretur

129 1276 162 1338 es
177 1269 495 1359 Arkybaaaaurebuk
519 1271 715 1359 helyse'gpekre
739 1275 915 1358 vouutboz6
937 1277 1051 1341 tueleta
1067 1279 1098 1343 έε
1116 1279 1261 1364 batrtrjct-

493 1380 561 1444 rusi
576 1379 787 1446 lararozarutt.
804 1381 902 1450 1300.

240 1579 391 1648 Andreas
401 1577 465 1648 Dei
475 1578 592 1664 grauia
601 1579 779 1664 Hungaris‚
793 1579 974 1664 Dalmatis,
987 1582 1136 1668 Oroatis,
1146 1587 1261 1665 Rama,

131 1690 259 1776 Seruis,
278 1690 429 1772 Gallicis,
448 1690 640 1758 Lodomeris
650 1739 660 1774 ,
678 1690 846 1774 Cumanis,
867 1689 1089 1778 Bulgarieque
1106 1693 1177 1760 Rex
1194 1714 1261 1761 om·

129 1802 229 1868 nibus
245 1799 366 1866 Christi
382 1797 511 1864 fidlibus
532 1803 599 1865 tam
620 1798 843 1883 presentibus,
868 1817 966 1882 quam
983 1799 1098 1866 futuris
1123 1819 1262 1884 presens

130 1910 289 1994 seriptum
305 1906 500 1991 inspecturis
512 1908 649 1974 salutem
662 1906 697 1970 in
707 1906 850 1972 omnium
868 1908 1044 1977 saluature.
1062 1907 1115 1974 Ad
1130 1908 1260 1976 uniuer-

130 2037 242 2084 sorum
259 2015 413 2084 noticiam
437 2013 553 2081 harum
570 2016 656 2084 serie
682 2017 832 2081 volumus
854 2018 1036 2101 peruenire,
1054 2019 1141 2100 qued
1158 2021 1259 2103 Magi·

130 2132 200 2192 ster
217 2125 333 2195 Gallus
360 2125 479 2192 Custos
504 2123 677 2208 Albensis,
705 2123 863 2209 specialis
880 2127 1020 2195 elerieus
1045 2125 1185 2196 Domine
1200 2129 1260 2196 Re⁴

130 2235 208 2321 gine
223 2231 398 2302 karissime
424 2232 585 2298 consortis
602 2239 725 2320 nostre,
742 2233 814 2300 viee
831 2238 862 2298 et
879 2234 1011 2300 nomine
1035 2234 1181 2302 eiusdem
1207 2258 1259 2303 eu⁴
1385 2245 1390 2260 '

129 2339 237 2410 hibuit
253 2341 348 2410 nobis
374 2339 582 2425 priuilegium
603 2337 739 2406 Comitis
767 2339 928 2424 Stephani
953 2339 1174 2412 Vise-Judieis
1200 2343 1261 2410 On·

127 2454 177 2518 rie
193 2456 306 2518 nostre
323 2467 422 2534 super
433 2447 519 2514 laeto
536 2447 748 2530 quarumdam
766 2454 925 2514 terrarum
942 2467 1002 2515 seu
1012 2453 1258 2533 possessionum

130 2559 285 2628 Zurehuk
302 2564 335 2626 et
354 2555 683 2643 Arkybanazuruhuk
697 2562 888 2626 vocatarum
913 2555 1097 2626 confectum
1108 2611 1117 2645 ,
1144 2565 1261 2644 petens

128 2689 150 2734 a
166 2667 262 2734 nobis
280 2685 354 2732 eum
365 2663 557 2752 instancia,
575 2672 610 2732 ut
636 2663 775 2732 eundem
793 2661 879 2754 (tgy)
902 2664 1067 2734 ratifieare
1084 2673 1117 2734 et
1141 2687 1260 2754 appre-

129 2777 221 2858 hare‚
241 2779 273 2841 et
290 2773 330 2841 de
350 2773 554 2860 benignitate
580 2772 684 2857 Regia
709 2781 821 2838 nostre
847 2759 1023 2858 priuilegio
1049 2773 1260 2858 dignaremur

128 2883 333 2954 confirmare.
350 2881 450 2949 Cuius
470 2880 601 2964 quidem
613 2879 783 2966 ,priuilegii
800 2887 893 2950 tenor
909 2882 987 2948 talis
1005 2886 1080 2948 est:

237 2989 308 3056 Nes
324 2990 441 3058 (lomes
467 2991 655 3076 Stephanus
673 2989 875 3060 Vir-eJudex
893 2989 990 3060 Gurie
1014 2987 1138 3056 domini
1155 2989 1257 3075 Regis

129 3101 195 3167 stb.
210 3104 292 3178 (mint
307 3106 424 3162 fentebb
444 3107 516 3161 154.
533 3126 571 3161 sz.
593 3105 631 3178 a.)

237 3210 307 3275 Nos
323 3207 423 3292 igitur
439 3207 533 3272 iustis
549 3207 770 3291 peticionibus
788 3206 934 3274 eiusdem
956 3204 1050 3293 (tgy),
1067 3209 1174 3293 ipsum
1184 3206 1256 3292 ‘pri-

130 3315 287 3403 uilegium
303 3336 368 3382 nun
389 3315 564 3400 abrasum,
592 3335 658 3381 non
684 3316 923 3400 eaneellatum,
949 3334 1012 3381 nee
1028 3315 1062 3381 in
1078 3315 1191 3398 aliqua
1208 3314 1260 3380 sui

128 3431 226 3511 parte
244 3423 398 3490 viriatum
410 3429 514 3490 ratum
525 3423 685 3492 habentes
703 3431 735 3490 et
751 3429 932 3510 acceptum,
950 3425 991 3491 de
1007 3426 1109 3491 verbo
1128 3423 1173 3489 ad
1189 3442 1260 3490 ver-

128 3537 207 3602 bum
223 3533 430 3618 presentibus
459 3532 558 3599 inseri
584 3532 720 3599 fecimus
746 3531 886 3618 duplicis
904 3531 1006 3616 sigilli
1030 3532 1134 3598 nostri
1149 3531 1257 3598 muni-

128 3643 217 3711 mine
234 3642 430 3710 roborando.
447 3644 570 3709 Datum
587 3663 645 3729 per
662 3663 776 3710 manus
793 3641 856 3708 viri
872 3642 1008 3709 disereti
1020 3642 1173 3728 Magistri
1191 3642 1259 3708 Ste-

128 3752 246 3838 phany
262 3750 497 3818 Arehidiaeoni
522 3751 678 3818 Albensis
696 3750 848 3818 Ecclesie
865 3750 1105 3818 Transsiluaue
1122 3751 1197 3817 aule
1206 3765 1261 3813 no-

127 3867 195 3927 stre
211 3851 504 3926 Vise-Oaneellarii
515 3857 628 3924 dilecti
641 3863 673 3922 et
684 3857 790 3925 fitlelis
801 3858 916 3942 nostri,
934 3879 1021 3924 anno
1042 3855 1176 3923 Domini
1186 3855 1259 3920 mil-

125 3965 243 4036 lesimo
258 3966 497 4049 trecentesimo,
515 3970 609 4030 sexte
627 3964 791 4033 kalendas
808 3965 908 4048 Junii,
927 3961 1130 4051 Renni(tgy)
1146 3969 1256 4030 autem

128 4075 233 4144 nostri
251 4095 338 4144 annu
355 4075 493 4142 decimo.

318 4266 462 4334 (Eredetie
478 4287 496 4326 a
509 4265 671 4342 vsszpremi
683 4267 826 4340 htptalan
840 4263 1066 4336 levelttraban.)
