3166 5238
845 290 998 392 jnr-

361 490 454 576 ginte
470 508 601 560 merens
627 507 687 574 pro
714 495 817 558 morte
844 487 962 574 prelati
988 483 1152 556 Dominiei
1177 482 1290 552 fratris
1316 485 1390 570 sui,
1408 503 1488 568 quus

361 600 491 684 quidem
506 597 683 683 sexaginta
707 616 838 667 meroes
864 595 965 682 ijdem
986 598 1121 678 Petrus,
1150 599 1183 662 et
1198 593 1298 661 Petns
1319 594 1489 661 soluerunt

359 703 507 792 plenarie
521 707 645 774 Korulo
662 704 852 793 supredioto
868 723 979 772 eornm
1003 703 1099 772 nobis
1115 703 1336 786 personaliter
1352 723 1487 788 eompu-

360 814 463 898 renti;
480 823 513 883 et
529 815 577 882 sie
593 815 677 882 idem
693 815 848 898 Kerulus,
866 820 932 880 tum
949 813 991 881 de
1007 831 1044 878 se
1060 811 1133 898 ipso
1159 818 1193 879 et
1208 812 1276 878 filio
1292 832 1364 895 suo,
1392 832 1495 898 quum

360 923 404 990 eb
420 923 572 990 omnibus
589 925 738 1008 eoguntis
751 929 783 990 et
799 921 916 990 amieis
933 920 1000 988 suis
1017 919 1058 988 de
1076 926 1179 986 morte
1195 919 1364 987 Dominioi
1380 921 1489 988 fratris

360 1030 411 1098 sni
435 1027 568 1100 eosdem
583 1033 718 1100 Petrum
740 1036 773 1098 et
788 1031 898 1113 Petus,
919 1033 1097 1114 eognotos,
1115 1029 1240 1094 amieos
1257 1035 1291 1094 et
1304 1028 1490 1096 seruientes

361 1139 664 1225 eorumvniuersos‚
675 1135 821 1206 reddidit
837 1137 968 1223 penitus
986 1133 1169 1219 expeditos.
1184 1133 1386 1221 Obligando,
1405 1135 1491 1219 quod

363 1246 406 1315 de
423 1254 533 1315 cetero
543 1297 552 1332 ‚
580 1266 641 1316 nee
657 1248 730 1332 ipse
746 1247 892 1315 Kerulns
920 1251 977 1312 out
999 1243 1085 1311 filius
1102 1244 1193 1331 eius,
1211 1264 1270 1310 neo
1287 1243 1427 1328 cognati
1444 1245 1491 1310 sui

363 1354 497 1423 rooione
512 1353 660 1440 predicte
677 1355 792 1422 mortis
809 1361 921 1422 eontra
939 1355 1072 1422 Petrum
1089 1357 1124 1418 et
1141 1355 1254 1435 Petus,
1270 1360 1328 1420 aut
1343 1354 1492 1440 ipsorum

362 1462 575 1549 posteritates
600 1464 668 1530 ullo
694 1482 837 1549 unquam
861 1467 1011 1549 ternpore
1028 1479 1161 1528 monere
1178 1467 1331 1544 poterunt
1351 1464 1492 1547 questio-

364 1589 458 1659 nem;
475 1572 505 1638 si
521 1570 593 1655 quis
609 1589 688 1638 uero
707 1587 838 1639 mouere
863 1568 1069 1652 questionem
1094 1567 1254 1654 uoluerit,
1271 1574 1405 1636 tenetur
1421 1568 1492 1656 ipse

365 1678 509 1746 Kerulus
529 1675 679 1747 eumfilio
696 1696 766 1761 suo,
778 1675 938 1763 oognatis,
957 1683 990 1742 et
1005 1676 1122 1743 umiois
1139 1677 1205 1744 suis
1215 1676 1391 1755 uniuersis,
1404 1679 1491 1766 ipsos

364 1790 497 1858 Petrum
511 1793 544 1854 et
556 1787 657 1856 Petus
671 1785 827 1872 expedire
842 1782 985 1871 proprijs
1002 1784 1071 1852 suis
1086 1785 1258 1854 laboribus
1274 1791 1308 1853 et
1325 1787 1492 1874 expensis.

365 1895 441 1982 Hijs
458 1893 618 1962 itafinitis
643 1901 742 1980 etque
766 1895 931 1981 portetis,
958 1911 1069 1962 omnes
1088 1895 1319 1981 possessiones
1345 1895 1491 1980 ipsorum

366 2001 457 2073 Petri
474 2007 507 2068 et
523 2003 643 2088 Petus,
671 2021 744 2068 eum
760 2002 964 2086 molendino,
982 2009 1016 2068 et
1032 2002 1182 2068 omnibus
1197 2003 1396 2071 utilitatibus
1417 2005 1493 2090 suis,

367 2111 454 2180 idem
465 2110 611 2180 Korulus
628 2111 775 2182 reddidit
787 2111 975 2180 etrestitnit
985 2111 1103 2180 iisdem
1119 2132 1161 2181 ex
1173 2111 1311 2197 integro,
1328 2114 1494 2200 Verelrne,

367 2230 400 2290 et
415 2221 476 2288 Nir
491 2229 649 2308 vooetns3
676 2220 899 2306 aduentendo,
916 2221 1003 2309 quod
1019 2225 1091 2308 ipse
1111 2223 1229 2290 Comes
1244 2224 1394 2292 Korulus
1412 2224 1494 2292 litto

367 2347 433 2412 ros,
450 2347 532 2415 quos
549 2329 664 2400 hebuit
680 2349 778 2414 snper
797 2329 967 2418 premissis
984 2331 1132 2399 entioulis
1149 2339 1333 2414 emanatus,
1349 2332 1494 2400 restituit

368 2437 494 2505 eisdem
518 2440 614 2506 Petro
641 2445 673 2504 et
706 2440 825 2528 Petus3
852 2445 886 2506 et
913 2438 1047 2526 insuper
1073 2439 1215 2524 prestitit
1240 2449 1493 2524 odoramentum,

370 2546 459 2632 quod
471 2565 536 2613 non
552 2545 691 2614 baberet
705 2546 831 2614 litteras
843 2548 987 2631 Regulos
1007 2566 1107 2633 snper
1122 2543 1347 2633 o'ooupaoione
1364 2567 1492 2634 posses·

368 2653 497 2722 sionum
528 2654 724 2738 eorundem,
755 2675 816 2723 nee
841 2653 969 2722 litteras
997 2652 1141 2741 Capituli
1153 2705 1163 2740 ,
1192 2675 1253 2724 nee
1277 2657 1495 2741 Palatinales,

370 2783 432 2831 nee
453 2761 651 2848 judiciales,
676 2783 739 2832 nee
765 2764 924 2832 Comitum
937 2786 951 2850 ;¹
972 2770 1005 2830 et
1030 2765 1133 2832 etium
1159 2765 1190 2832 si
1213 2765 1346 2850 aliquas
1371 2765 1496 2834 littores

370 2870 553 2938 reinuenire
578 2879 709 2957 posset,
734 2873 888 2941 redderet
913 2871 1055 2959 eisdem;
1082 2874 1111 2942 si
1137 2893 1216 2941 nero
1231 2875 1418 2942 reinuenire
1436 2895 1496 2942 non

371 2986 494 3064 posset,
520 2999 635 3047 omnes
659 2977 715 3048 ille
731 2982 839 3048 littere
856 2981 898 3050 de
913 2989 1022 3049 eetero
1038 2989 1148 3050 essent
1162 2982 1288 3064 inanes,
1310 2991 1344 3050 et
1368 2983 1496 3070 penitus

365 3085 500 3156 'uiribus
522 3095 682 3175 vacuate3
700 3095 732 3156 et
755 3089 945 3177 specialiter
966 3098 999 3156 et
1022 3090 1213 3158 nominatim
1238 3091 1432 3158 molendino
1448 3111 1495 3159 eo-

372 3193 505 3262 rundem
516 3197 604 3264 Petri
614 3199 756 3266 etPetus
769 3217 867 3284 super
877 3217 996 3282 aquam
1007 3199 1076 3278 Nir,
1089 3195 1175 3281 quod
1190 3198 1299 3283 ipsum
1312 3194 1358 3286 (l)
1376 3197 1496 3268 eisdem

373 3301 461 3370 idem
479 3303 597 3372 (lomes
613 3307 758 3374 Korulus
774 3306 916 3374 restituit
932 3308 1030 3390 pleno
1048 3305 1127 3390 iure.
1146 3309 1183 3373 In
1201 3307 1293 3376 ouius
1311 3308 1360 3373 nei
1378 3327 1497 3374 memo-

370 3412 454 3478 riam
472 3419 642 3497 presentes
654 3421 783 3482 nostrae
801 3417 1022 3484 concessimus
1039 3415 1179 3500 litteras,
1190 3414 1291 3500 sigilli
1307 3415 1419 3482 nostri
1436 3435 1497 3481 mu-

372 3518 494 3586 nimine
511 3519 703 3601 roboratas,
721 3542 808 3591 anno
825 3522 959 3592 Domini
975 3525 1017 3590 M.
1036 3524 1100 3594 00.
1124 3522 1340 3606 nonagesimo
1357 3543 1456 3592 nono.

374 3709 508 3784 (Hdrty'n.
522 3711 548 3766 A
562 3713 627 3788 meg
640 3714 675 3788 dp
687 3715 785 3788 peose't
807 3717 887 3774 feben
901 3719 1037 3789 nsinegen
1050 3716 1129 3792 fiigg.
1152 3717 1449 3790 Pozsonykdptalani
1463 3737 1500 3774 or·

512 3803 617 3877 szdgos
631 3807 762 3864 levdltdr.
777 3807 875 3881 Capsu
888 3809 964 3866 xlv,
980 3809 1063 3866 Fuso.
1078 3810 1119 3866 20.
1135 3809 1194 3864 Nro
1216 3807 1242 3864 4.
1256 3811 1378 3875 Iolaus.)
