3188 5238
365 1109 396 1178 A
408 1115 561 1200 pomocye'
574 1111 733 1202 ltdptalea
743 1109 1016 1199 bieoayrdplecelc,
1033 1114 1110 1200 leopy
1122 1111 1241 1178 Mittor
1253 1112 1420 1178 Bulclnale
1427 1111 1483 1196 fio,

366 1221 533 1286 eraclea
549 1219 780 1286 Karaclre‘aaak
798 1219 848 1305 fic
869 1219 969 1286 Tercle
984 1224 1065 1286 noval
1080 1221 1291 1286 birtelmelebcu
1314 1225 1388 1286 eade
1403 1221 1484 1285 leurd-
1575 1255 1577 1316 3

583 1327 629 1414 lya'
644 1326 775 1414 holdcyi
791 1326 1004 1413 erdatdfd'ldet
1021 1328 1159 1395 eledtclc.
1176 1329 1274 1394 1294.

474 1527 545 1592 Nos
562 1523 748 1614 Capitulum
776 1523 925 1592 Ecclesie
941 1526 1155 1595 Posoniensis
1180 1525 1405 1612 significamus
1421 1527 1485 1592 vni-

367 1634 471 1704 uersis
487 1633 607 1718 quibus
625 1634 760 1718 expedit
775 1652 834 1718 per
849 1639 1043 1719 presentes,
1068 1635 1157 1716 quod
1174 1635 1362 1702 constitutis
1379 1655 1488 1720 perso·

366 1743 486 1810 naliter
504 1761 615 1810 eoram
632 1741 727 1808 nobis
743 1740 881 1808 Nicolao
897 1741 967 1810 lilio
983 1742 1126 1824 Bulchu,
1156 1743 1271 1812 Blasio
1287 1742 1354 1811 lilio
1381 1741 1484 1811 Kana·

368 1848 460 1916 chini
476 1869 517 1914 ex
533 1869 599 1914 una
613 1855 729 1935 parte,
746 1849 927 1916 Benedicto
943 1847 1010 1916 filio
1027 1850 1170 1917 Mancha
1186 1871 1228 1917 ex
1243 1851 1370 1934 altera,
1389 1849 1485 1936 ijdem
1575 1831 1576 1862 ³

366 1958 523 2026 Nicolaus
540 1963 574 2024 et
598 1957 733 2025 Blasiur
750 1963 825 2024 sunt
841 1957 1003 2040 confessi,
1030 1958 1118 2042 quod
1137 1960 1202 2048 ipsi
1220 1980 1262 2026 ex
1287 1978 1413 2042 magna
1433 1979 1484 2026 ne·

367 2066 522 2136 cessitate
538 2065 645 2133 coacti
670 2067 712 2134 de
740 2073 828 2131 terra
854 2065 998 2149 ipsorum
1027 2064 1133 2132 'l'orch
1157 2072 1295 2148 uocata,
1322 2084 1386 2148 que
1414 2065 1487 2133 elin

366 2194 408 2246 cx
423 2177 537 2262 pocla
553 2171 675 2242 domim
692 2174 772 2242 Bele
788 2173 1069 2242 Excellentissimi
1094 2175 1195 2259 Regis
1214 2173 1386 2258 Huugarie
1405 2175 1483 2257 auis,

367 2288 491 2369 etpost
506 2282 569 2348 hec
585 2281 734 2367 patribus
760 2281 906 2366 ipsorum
924 2281 1032 2348 luerat
1054 2282 1199 2364 collata,
1225 2287 1355 2347 eentum
1378 2280 1487 2363 iugera

367 2401 453 2462 terre
470 2390 607 2459 arabilis
623 2391 688 2458 sita
699 2391 733 2458 in
743 2391 819 2475 ipsa
836 2397 925 2460 terra
940 2411 961 2456 a
976 2396 1071 2478 parte
1082 2391 1247 2478 superiori
1264 2407 1381 2457 uersus
1399 2389 1484 2470 aqui·

367 2501 476 2570 leuem
493 2501 669 2570 seeundum
695 2519 881 2568 mensnram
896 2499 1055 2585 Regiam,
1080 2505 1116 2566 ut
1132 2498 1306 2580 dixerunt,
1332 2495 1487 2562 uidelicet

368 2600 538 2694 quodlibet
553 2609 646 2693 inger
662 2608 791 2676 habens
801 2609 835 2676 in
854 2607 1061 2695 longitudine
1072 2607 1284 2694 septuaginta
1301 2604 1385 2672 duae
1402 2625 1487 2674 men-

368 2735 462 2786 suras
478 2716 612 2802 Regias,
632 2717 715 2783 etin
731 2715 908 2784 latitudine
925 2715 1112 2800 duodecim,
1132 2713 1363 2785 uendidissent
1380 2713 1485 2781 eidem

369 2825 549 2894 Benedieto
565 2825 608 2895 de
624 2826 844 2910 generacione
873 2844 934 2892 sua
960 2845 1020 2910 pro
1046 2844 1103 2894 sex
1128 2824 1250 2891 marcis
1271 2824 1416 2890 latorum
1437 2817 1486 2886 de·

366 2935 531 3004 nesiorum
547 2935 807 3022 Wyennensium
833 2933 866 2998 in
882 2931 966 3000 filios
987 2933 1127 3000 filiorum
1153 2940 1310 3019 perpetuo
1329 2933 1400 2998 iure
1418 2948 1487 3017 pos-

370 3041 559 3126 sidendam3
588 3061 684 3126 quam
704 3060 861 3107 summam
888 3039 1027 3125 pecunie
1054 3038 1154 3124 ijdem
1172 3039 1331 3106 Nicolaus
1359 3048 1391 3105 et
1412 3041 1487 3105 Bla-

370 3154 437 3220 sius
462 3149 611 3238 plenarie
636 3149 807 3235 recepisse
823 3150 866 3216 ab
894 3148 1005 3244 codem
1032 3147 1212 3214 Benedieto
1235 3153 1309 3214 sunt
1337 3148 1489 3217 confessi.

371 3259 567 3345 Obligautes
595 3258 700 3326 eciam
727 3279 764 3325 se
781 3257 883 3344 ijdem
907 3257 1066 3325 Nicolaus
1083 3261 1118 3320 et
1139 3256 1292 3337 Blessius,
1319 3255 1410 3338 qnod
1427 3260 1489 3340 qui-

371 3387 499 3452 cunque
515 3387 675 3453 processu
691 3366 872 3453 temporum
888 3367 1023 3435 racione
1039 3373 1128 3432 terre
1143 3365 1333 3454 supradicte
1352 3367 1489 3434 eundem

370 3477 584 3546 Benedictum
599 3477 756 3564 impetere
773 3476 913 3544 forsitan
929 3481 1163 3560 attemptaret,
1179 3475 1336 3542 Nicotaus
1363 3480 1398 3540 et
1419 3478 1488 3542 Bla-

372 3589 439 3655 sins
456 3585 639 3672 supradicti
663 3587 860 3654 tenebuntur
876 3587 983 3672 ipsum
998 3585 1215 3652 Benedictum
1238 3583 1398 3669 expedire
1422 3606 1488 3670 pro-

373 3693 456 3782 prijs
471 3694 637 3761 laboribus
664 3701 696 3760 et
721 3695 896 3782 expensis3
921 3697 1039 3763 dantes
1066 3694 1169 3761 eidem
1197 3693 1429 3762 auctoritatem
1453 3713 1489 3760 eu

371 3823 457 3871 nunc
472 3801 648 3890 uendendi,
666 3801 825 3884 donandi,
844 3824 903 3871 seu
919 3804 1124 3889 relinquendi
1150 3805 1202 3870 cui
1218 3803 1310 3870 uelit.
1335 3805 1375 3871 In
1402 3803 1489 3888 cujus

373 3912 420 3980 rei
436 3910 627 3979 memoriam
643 3919 817 3999 presentes
833 3913 983 3980 dedimus
1004 3911 1133 3980 litteras
1150 3913 1254 3998 sigilli
1271 3913 1379 3980 nostri
1395 3911 1489 3978 mnni-

376 4019 462 4086 mine
492 4021 675 4090 roboratas.
703 4021 825 4088 Datum
850 4041 937 4090 anno
963 4022 1096 4088 Domini
1121 4023 1162 4088 Μ.
1187 4020 1252 4090 GO-
1278 4021 1487 4110 nonagesimo

374 4135 499 4212 quam.

780 4217 809 4283 A
916 4218 942 4286 c
1019 4267 1020 4272 i
1048 4216 1090 4286 D.

375 4409 508 4486 (Hdrtya.
527 4412 686 4470 Vdrdsudld
700 4412 830 4484 selymen
843 4411 916 4488 legg
928 4431 964 4469 au
978 4414 1013 4486 dp
1026 4414 1136 4487 pecsdt.
1150 4412 1438 4486 Pousonykdptalani
1450 4429 1486 4469 or-

527 4501 628 4576 sudgos
638 4501 771 4561 levdltdr.
785 4501 882 4576 Capsa
896 4502 939 4560 14.
953 4505 1035 4562 Faec.
1049 4503 1092 4560 18.
1105 4507 1174 4564 Nro.
1187 4506 1213 4560 3.
1233 4503 1351 4576 Kaous.)

800 4683 1070 4695 ——-..-...—.—
