3188 5238
905 962 959 1032 14.

375 1168 440 1232 ΙΙΙ.
463 1166 564 1230 dedra
581 1161 687 1248 uiroly
716 1163 924 1244 Benedekoele,
943 1159 1230 1245 cotye-feterent
1239 1162 1431 1250 pttspdlcock
1449 1161 1503 1226 lor

581 1274 662 1336 nube
677 1273 758 1337 oeoe'l
780 1270 914 1334 birtokol
929 1271 1170 1356 adomcinpozza.
1194 1273 1293 1334 1295.

483 1471 635 1539 Andreas
660 1469 723 1536 Dei
739 1453 852 1552 gracia
869 1469 939 1536 Rex
967 1465 1137 1552 Hungarie
1153 1468 1311 1538 memorie
1337 1490 1503 1539 commen·

378 1583 493 1649 damus
510 1577 736 1662 significantes
753 1578 869 1661 quibus
890 1577 1023 1661 expedit
1039 1576 1203 1644 uniuersis
1219 1578 1429 1663 presencium
1445 1601 1504 1667 per

378 1701 543 1772 tenorem,
561 1687 647 1770 quod
663 1703 724 1752 nos
749 1685 789 1750 ob
801 1685 924 1766 ,merita
941 1685 1154 1754 serviciorum
1177 1687 1383 1754 uenerabilis
1400 1688 1504 1772 patris

378 1796 548 1866 Benedicti
565 1793 628 1860 Dei
643 1794 756 1878 gracia
776 1793 932 1880 Episcopi
959 1794 1042 1860 Albe
1060 1794 1245 1880 Bnlgariec,
1265 1793 1448 1863 Secretarii
1473 1803 1505 1862 ct

379 1905 515 1975 Comitis
532 1902 668 1988 (lapelle
693 1907 816 1985 nostre,
835 1902 948 1970 dilecti
964 1909 997 1967 et
1012 1899 1122 1970 fidelis
1138 1903 1252 1988 nostri,
1269 1904 1328 1985 qui
1345 1904 1443 1971 uobis
1460 1904 1502 1970 ab

380 2013 529 2080 introitus
545 2011 649 2078 nostri
665 2016 812 2096 tempore
831 2011 863 2076 in
882 2012 1030 2098 Regnum
1046 2009 1216 2093 Huugarie
1232 2019 1266 2080 et
1281 2013 1316 2080 in
1333 2019 1436 2080 antea
1450 2033 1503 2080 rs·

377 2144 439 2209 que
455 2121 548 2188 modo
574 2126 608 2186 et
626 2139 711 2186 nuuc
736 2118 875 2186 fideliter
899 2126 932 2187 ot
956 2118 1121 2186 indefesse
1147 2121 1270 2186 seruire
1294 2139 1361 2188 nou
1388 2139 1497 2190 cessa-

380 2233 427 2303 uit
442 2231 573 2299 labores
591 2228 759 2296 laboribus
777 2228 1027 2310 accumulando,
1053 2229 1219 2313 quandam
1234 2238 1355 2298 terram
1372 2231 1505 2297 uduor-

380 2337 446 2408 nioi
462 2337 566 2405 nostri
576 2337 732 2422 Regalem
744 2334 786 2402 ad
804 2354 863 2400 nos
879 2334 1067 2402 immediate
1078 2343 1284 2420 spectantem
1300 2339 1441 2406 Iwnuke
1451 2358 1505 2404 vo·

383 2455 511 2530 eatam,
537 2463 675 2512 uacuam
701 2452 733 2510 et
757 2442 999 2510 habitatoribus
1015 2443 1146 2528 penitus
1168 2445 1380 2528 destitutam,
1407 2465 1505 2530 quam

382 2556 533 2624 Andreas
557 2551 643 2618 iilius
660 2551 744 2637 lllye
767 2552 976 2618 wduornious
991 2559 1122 2635 noster,
1148 2555 1204 2636 qui
1230 2554 1302 2620 sine
1328 2555 1505 2623 heredibus

383 2663 571 2733 decessisse
587 2661 724 2744 dicitur,
750 2660 853 2727 tonuit
878 2668 911 2728 et
926 2659 1075 2744 possedit
1099 2661 1327 2744 usquemodo,
1346 2663 1506 2747 dedimus,

383 2773 577 2844 donauimus
595 2780 628 2837 et
638 2769 830 2836 contulimus
847 2768 951 2835 eidem
972 2768 1154 2836 venerabili
1173 2771 1259 2852 patri
1279 2769 1415 2838 domino
1431 2773 1506 2858 Epi·

384 2901 484 2967 scopo
500 2899 574 2946 cum
593 2878 743 2946 omuibus
754 2876 948 2945 utilitatibus
965 2884 998 2945 et
1010 2877 1226 2960 pertinenciis
1245 2885 1331 2946 terre
1348 2882 1505 2971 predicte,

384 2993 419 3058 iu
434 2989 530 3058 terris
555 2986 710 3054 videlicet
734 2986 936 3073 arabilibus,
963 2988 1107 3071 campis,
1133 2987 1238 3072 pratis
1256 2997 1288 3056 et
1307 2991 1506 3063 utilitatibus

384 3101 461 3167 aliis
487 3096 685 3182 quibuslibet
711 3095 779 3162 iure
805 3102 961 3181 perpetuo
988 3096 1228 3180 possidendam
1258 3106 1291 3164 et
1316 3099 1504 3168 habendam

381 3212 478 3298 juxta
501 3205 657 3274 terminos
683 3203 834 3286 antiquos
859 3211 892 3270 et
917 3210 1076 3270 metarum
1093 3205 1239 3289 priorum
1261 3206 1504 3293 distincoiones,

385 3317 610 3406 promittentes
626 3313 741 3397 eidem,
758 3312 844 3395 quod
861 3313 990 3396 quando
1015 3319 1184 3400 presentes
1202 3315 1299 3384 nobis
1315 3321 1506 3404 reportauit,

387 3412 533 3496 nostrum
550 3423 612 3490 sibi
628 3421 837 3511 priuilegium
864 3422 937 3488 dari
952 3422 1112 3489 faciemus
1128 3422 1169 3492 de
1192 3423 1321 3513 eadem,
1338 3429 1505 3514 peticioni·

388 3537 449 3602 bus
466 3531 664 3616 quibuslibet
689 3550 747 3598 seu
765 3529 1081 3597 contradiccionibus
1096 3552 1161 3599 non
1192 3533 1410 3603 obstantibus.
1437 3541 1504 3606 Da-

388 3653 456 3712 tum
472 3642 564 3709 Bude
589 3640 673 3709 feria
689 3639 801 3723 quinta
827 3640 979 3726 proxima
993 3646 1068 3725 post
1098 3647 1237 3711 octauas
1262 3645 1404 3728 Passoe,
1423 3666 1504 3713 anno

389 3748 520 3820 Domini
536 3747 587 3816 bl⁰
604 3746 675 3816 00⁰
690 3748 902 3831 nonagesimo
918 3747 974 3814 V⁰.

391 3947 452 4020 (ΠΙ.
465 3945 561 4002 Endre
573 3962 745 4020 ugysuawn
760 3941 807 3999 evi
819 3941 993 4018 megerdsitd
1007 3904 1211 4103 okmdnydbdl,
1225 3949 1303 4021 mely
1316 3947 1403 4008 sltbb
1413 3951 1455 4006 ld.
1465 3967 1502 4006 sn.

835 4052 861 4091 a.
874 4033 1061 4091 kdvetkenilr.

819 4326 971 4334 —a--o---n
985 4328 992 4332 -
1002 4327 1082 4334 ...n-
