3188 5238
611 979 669 1044 68.

79 1179 192 1242 Loszto
205 1187 323 1261 mester,
338 1175 460 1240 Theletus
475 1174 610 1262 profflc
626 1176 719 1238 Pe'ter
733 1177 913 1257 mesterroele,
931 1175 1078 1240 Tivador
1086 1175 1202 1260 fldrtulr

221 1285 290 1350 bea'r
306 1283 463 1348 Kereoltoa
480 1282 659 1370 helyse'pdert
676 1305 731 1371 epp
748 1284 941 1348 dirtolere'szt.
960 1285 1059 1348 1294.

189 1481 351 1549 Omnibus
368 1481 490 1550 Christi
516 1478 668 1548 fidelibus
685 1487 753 1547 tam
775 1482 985 1567 presentibus
1003 1500 1101 1564 quam
1119 1479 1203 1546 futu·

80 1584 124 1660 ris
150 1610 290 1679 presens
316 1592 472 1676 scriptum
499 1590 697 1677 inspecturis
722 1592 882 1677 Magister
908 1589 1084 1658 Ladislaus
1110 1590 1199 1656 filius

80 1699 218 1768 Comitis
236 1700 372 1768 Thekus
388 1701 528 1766 salutem
545 1702 579 1766 in
596 1699 739 1767 omnium
756 1700 936 1766 saltatore.
955 1702 1004 1766 No
1025 1700 1129 1784 gestis
1145 1719 1201 1766 an·

78 1810 212 1894 tiquitas
229 1811 342 1876 valeat
357 1808 547 1890 nouercam,
576 1815 607 1873 et
624 1829 666 1875 ea
676 1858 684 1892 ,
712 1827 773 1891 que
791 1806 1038 1875 racionabiliter
1062 1814 1199 1894 aguntur

79 1920 109 1984 in
126 1925 278 2004 tempore
295 1938 336 1984 ue
353 1937 424 1983 oum
452 1919 524 2004 ipso
541 1924 688 2002 tempore
704 1914 836 1984 facilius
860 1915 1055 2000 elabantur,
1082 1917 1198 1982 sollers

80 2026 244 2093 hominum
270 2045 370 2092 causa
396 2025 566 2091 adiuuenit
591 2025 777 2092 testimonio
803 2025 1038 2110 scripturarum
1061 2045 1199 2092 commu·

80 2135 149 2200 uiri.
167 2131 310 2201 Proinde
326 2133 370 2199 ad
395 2138 621 2202 uniuersorum
639 2140 707 2199 tam
727 2135 933 2218 presencium
960 2155 1059 2218 quam
1077 2134 1199 2200 futuro·

77 2264 142 2311 rum
158 2243 316 2310 noticiam
333 2243 452 2310 harum
470 2243 555 2310 serie
569 2244 718 2310 volumus
736 2243 918 2328 pervenire,
943 2243 1031 2326 quod
1047 2261 1106 2310 nos
1126 2262 1198 2309 cou-

77 2352 242 2442 sideratis,
258 2351 433 2420 meritoriis
459 2350 609 2419 serviciis
629 2350 778 2434 magistri
804 2352 892 2417 Petri
912 2348 969 2416 filii
996 2350 1198 2418 Theudoria

77 2461 232 2547 primeuis
249 2460 396 2547 puericie
412 2478 469 2526 sue
486 2459 689 2546 temporibus
706 2463 738 2525 iu
758 2460 898 2528 diuersis
923 2459 1056 2526 casibus
1075 2468 1108 2524 et
1123 2479 1196 2527 oau-

77 2570 120 2637 sis
136 2569 261 2636 uostris
279 2567 419 2635 fideliter
434 2569 530 2636 nobis
558 2567 715 2635 exhibitis
732 2574 764 2636 et
782 2569 920 2650 devote,
948 2575 981 2636 ct
1007 2568 1197 2654 specialiter

77 2684 179 2745 morte
196 2677 317 2745 Jacobi
331 2677 392 2744 filii
408 2675 531 2745 sororis
548 2695 607 2742 sue
624 2683 657 2742 et
672 2675 797 2743 Thome
811 2676 943 2760 cognati
961 2677 1022 2760 sui,
1048 2697 1147 2760 quam
1164 2679 1198 2745 in

76 2786 288 2856 defendendo
304 2806 365 2854 nos
382 2786 416 2852 in
434 2785 576 2869 quadarn
594 2786 808 2876 expedicione
827 2787 968 2853 viriliter
984 2787 1198 2872 persoluerat,

77 2895 245 2980 quandam
271 2895 469 2980 particulam
495 2903 581 2961 terre
596 2896 638 2962 de
654 2900 743 2962 terra
768 2901 883 2962 nostra
908 2895 1109 2962 hereditaria
1134 2894 1199 2962 Ke-

76 3005 198 3073 recben
216 3009 335 3072 vocata
353 3003 500 3072 abcisam
510 3053 520 3087 ,
544 3009 576 3070 et
593 3004 681 3071 bona
697 3003 867 3070 voluntate
884 3010 917 3070 et
933 3002 1127 3071 iuduooione
1144 3004 1198 3070 Jo-

76 3112 195 3180 hannis
212 3111 272 3178 filii
288 3111 392 3177 nostri
416 3111 594 3195 karissimi,
611 3116 643 3182 et
667 3111 803 3194 Laohlx,
823 3111 1003 3196 Stephani,
1030 3111 1196 3200 Dyonisii,

76 3219 255 3290 Laurentii
272 3230 303 3285 et
318 3219 461 3286 Borandi
477 3218 614 3286 filiorum
641 3221 791 3304 magistri
809 3220 989 3305 Stephani,
1016 3240 1055 3286 ac
1072 3221 1198 3288 Johan-

77 3332 126 3396 nis
142 3329 207 3396 filii
224 3329 375 3414 magistri
392 3329 545 3416 Dyonisii
555 3379 563 3412 ‚
592 3335 624 3394 et
641 3328 776 3396 Thehus
792 3328 849 3398 filii
867 3330 956 3397 Baoh
981 3329 1118 3396 fratrum
1141 3349 1195 3396 no-

77 3448 220 3509 strorum
238 3439 500 3517 karissimorum,
518 3457 588 3504 oum
606 3439 756 3505 omnihus
772 3436 971 3506 utilitatibus
988 3438 1057 3506 suis
1076 3449 1107 3503 et
1123 3458 1195 3524 per·

76 3549 233 3616 tiueuciis
249 3547 412 3616 vniuersis
423 3598 432 3632 ,
458 3555 491 3614 et
508 3549 698 3633 specialiter
715 3569 788 3616 oum
813 3549 887 3615 looo
909 3549 1008 3614 turris
1035 3546 1068 3613 iu
1083 3548 1198 3613 eadem

75 3658 244 3747 particula
260 3663 348 3724 terre
364 3656 529 3735 existenti,
547 3655 719 3738 dedimus,
740 3656 934 3724 donauimus
952 3663 982 3722 et
1004 3655 1199 3723 contulimus

76 3767 185 3836 eidem
203 3766 362 3850 magistro
379 3763 498 3849 Petro,
526 3772 558 3831 et
573 3784 634 3851 per
651 3785 724 3831 eum
741 3765 810 3833 suis
828 3763 1013 3847 heredibus,
1031 3764 1198 3831 heredum-

76 3895 136 3959 que
154 3894 290 3940 suorum
308 3872 556 3940 successoribus
573 3873 644 3940 iure
665 3873 867 3940 hereditario
884 3871 1024 3958 pacifice
1041 3877 1074 3936 et
1090 3874 1200 3955 quiete

76 4005 115 4050 ac
139 3979 404 4051 irreuocabiliter
429 3981 665 4067 possidendam
691 3983 814 4066 pariter
840 3988 872 4066 et
899 3979 1071 4046 habedam.
1098 3981 1199 4067 Oujus

76 4094 207 4176 quidem
225 4093 385 4176 particule
400 4096 486 4158 terre
498 4097 584 4157 mete
599 4091 664 4159 hoc
675 4089 789 4158 ordine
805 4089 1071 4172 distinguuntur:
1091 4091 1199 4158 Prima

76 4208 165 4268 meta
191 4200 308 4286 incipit
331 4220 353 4269 a
374 4201 447 4268 loco
465 4199 563 4283 turris
589 4205 786 4284 memorate,
812 4199 1026 4266 distinctione
1050 4199 1200 4266 tondenti

77 4330 194 4380 versus
212 4314 316 4376 metas
332 4312 476 4395 Forrou3
494 4309 613 4376 deinde
630 4308 726 4374 vertit
743 4309 785 4376 ad
802 4315 928 4392 partem
948 4305 1195 4375 meridionalem

73 4421 171 4506 juxta
189 4425 310 4485 terram
336 4417 476 4486 filiorum
493 4419 612 4488 Jacobi
638 4423 670 4484 et
685 4417 821 4484 fratrum
849 4435 1000 4501 suorum,
1027 4422 1060 4482 et
1078 4415 1196 4485 deinde

78 4527 175 4598 vadit
187 4529 232 4595 ad
249 4526 406 4596 orientem
423 4546 536 4594 versus
553 4533 675 4595 terram
691 4523 912 4609 Gochafelde3
931 4529 963 4590 et
978 4523 1021 4590 ab
1038 4525 1115 4593 inde
1132 4531 1201 4592 ten-

78 4635 257 4708 ditversus
273 4635 550 4723 septemtrionem,
568 4635 644 4704 item
662 4632 706 4702 ad
716 4632 899 4722 predictam
915 4639 1033 4698 terram
1050 4629 1200 4717 magistri
