3166 5238
397 1178 540 1246 Demeter
551 1179 703 1265 poasouyi
718 1180 749 1242 e'a
763 1175 894 1262 aolyomi
909 1177 1003 1262 ispdrr
1022 1196 1043 1236 a
1058 1173 1180 1261 kirulyi
1195 1173 1369 1260 solymoook
1378 1169 1509 1256 soldebll

574 1284 719 1372 elsoplalt
728 1282 782 1370 sel
798 1283 908 1370 eke‘oye'
917 1279 1026 1367 filldet
1041 1282 1222 1348 auscultati.
1239 1283 1337 1347 1297.

505 1485 574 1553 Nos
590 1485 746 1572 magister
761 1479 947 1552 Demetrius
973 1482 1089 1549 Comes
1106 1481 1318 1550 Posoniensis
1346 1487 1380 1547 et
1402 1479 1443 1546 de
1457 1479 1506 1544 Zo-

398 1595 475 1680 lum‚
491 1595 607 1678 quibus
623 1593 757 1681 expedit
772 1591 993 1676 significamus
1010 1590 1182 1676 volucrem,
1202 1590 1288 1675 quod
1303 1609 1365 1658 nos
1381 1589 1425 1656 ad
1441 1607 1505 1672 spe-

398 1703 483 1772 ciale
508 1702 694 1770 mandatum
721 1699 843 1768 domini
868 1700 971 1768 nostri
995 1699 1128 1767 Andree
1153 1697 1216 1764 Dei
1241 1699 1355 1784 gracia
1377 1695 1506 1768 Illustris

396 1814 497 1898 Regis
512 1811 679 1896 Hungarie
701 1809 864 1894 quandam
880 1809 1077 1894 particulam
1101 1818 1188 1876 terre
1205 1809 1364 1875 cultiuate
1392 1804 1506 1890 dimidij

399 1922 499 1990 aratri
514 1920 729 1988 sufficientem
746 1920 787 1988 de
812 1929 901 1988 terra
917 1919 1171 1986 falconariorum
1188 1919 1292 2004 ipsius
1319 1917 1442 1986 domini
1456 1917 1507 1981 Re-

399 2030 451 2116 gis
467 2031 501 2098 in
517 2030 625 2118 Lypto
642 2029 869 2114 existencium‚
887 2049 949 2112 que
966 2049 1023 2114 per
1039 2029 1236 2114 Gregorium
1246 2027 1395 2094 indebite
1414 2027 1509 2092 fuerat

399 2129 568 2224 occupata,
586 2140 629 2206 ab
646 2139 763 2206 eodem
775 2139 934 2222 Gregorio
951 2139 1129 2206 auferendo
1146 2137 1345 2228 restituimus
1361 2135 1508 2222 magistro

399 2247 542 2316 iohanni
556 2246 703 2333 Gallico,
731 2253 827 2334 prout
852 2245 883 2310 in
900 2247 1006 2331 ipsius
1022 2243 1139 2316 litteris
1165 2266 1205 2316 ac
1229 2245 1455 2312 instrumentis
1470 2243 1509 2308 di·

399 2357 506 2424 uersis
521 2355 617 2423 nobie
634 2354 768 2422 exibitis
784 2355 915 2441 plenius
926 2355 1068 2423 vidimus
1085 2355 1254 2424 contineri.
1272 2353 1392 2420 Datum
1409 2355 1443 2418 in
1457 2349 1509 2432 Ly·

399 2470 456 2548 pto
481 2464 515 2530 in
541 2464 714 2547 quindenis
738 2463 930 2532 Natiuitatis
956 2465 1051 2532 Beati
1078 2463 1239 2534 Johannis
1264 2461 1415 2546 Baptista
1434 2475 1509 2527 anno

398 2572 531 2642 Domini
547 2574 596 2642 M⁰
612 2574 682 2644 00⁰
700 2573 915 2661 nonagesimo
931 2573 1022 2640 vlle

507 2774 616 2844 Jepycrt.
630 2769 765 2826 Eredetie
786 2767 945 2842 bllrhartya
958 2788 976 2826 a
988 2767 1252 2828 Huut-Panmantol
1267 2765 1379 2824 eredett
1391 2760 1510 2835 Kubinyi

399 2859 568 2937 nemzetseg
579 2859 786 2921 levelttrtban.
801 2849 884 2931 Erdy.

841 3153 1086 3166 *nn-.—

916 3654 992 3721 120.

402 3857 647 3924 rsrvclmorou
654 3855 715 3939 fla,
727 3852 893 3938 sewum
909 3851 1008 3917 aroer
1023 3851 1137 3917 rorant
1146 3849 1259 3914 estro·
1267 3847 1511 3934 metoparum

404 3964 531 4053 (Zeolrru
550 3961 769 4049 Treuceiobeo)
787 3962 952 4028 birtelodro
960 4010 971 4042 ,
996 3961 1077 4048 moly
1095 3959 1351 4025 tarclmastoues
1374 3956 1511 4044 rnepbiao·

570 4075 737 4162 oyltdeosra
751 4070 904 4138 maurico
916 4067 1110 4163 reodeltetilc.
1127 4069 1226 4136 1297.
1242 4066 1345 4134 torol.

510 4277 635 4343 Damus
651 4293 711 4361 pro
736 4270 912 4354 memoria,
939 4268 1026 4354 quod
1049 4269 1166 4338 Comes
1182 4269 1295 4338 Bither
1321 4266 1408 4334 filius
1431 4265 1510 4334 llilro

404 4385 622 4470 personaliter
641 4382 781 4450 astando
798 4388 911 4449 contra
928 4377 1087 4448 Comitem
1100 4379 1304 4466 Stephanum
1319 4375 1422 4444 filium
1437 4376 1511 4443 lllar·

404 4491 465 4558 tini
481 4491 632 4559 similiter
649 4489 867 4575 personaliter
882 4494 1132 4574 comparentem,
1149 4487 1183 4554 in
1199 4485 1303 4574 figura
1317 4484 1432 4570 iudicij
1448 4501 1511 4566 ege·

403 4598 446 4666 rit
463 4618 572 4667 coram
588 4599 683 4668 nobis
697 4598 756 4668 tali
771 4599 886 4668 modo:
902 4597 997 4678 Quod
1012 4601 1078 4667 hoc
1093 4617 1180 4665 anno
1192 4595 1274 4664 feria
1291 4593 1509 4680 secondapro·

403 4707 494 4778 xima
508 4717 584 4795 post
599 4707 716 4777 lestnm
731 4712 837 4780 Pasce
852 4709 984 4777 Domini
999 4706 1087 4784 idem
1103 4709 1224 4778 comes
1245 4704 1434 4792 Stephanus
1450 4720 1510 4768 cun
