3188 5238
831 364 991 468 mh}-

354 561 415 628 erit
431 581 488 648 pro
507 561 623 630 eodem
643 563 1110 631 dominosu01>etrouomita
1136 563 1322 648 antedicto,
1341 581 1472 650 quorum

352 689 445 751 vnus,
462 668 587 738 scilicet
603 673 719 739 Petrus
731 672 948 760 postmodnm,
967 673 1082 740 eodem
1091 671 1217 740 (lomite
1231 675 1329 742 Petro
1347 672 1390 740 de
1405 672 1471 740 vin-

353 780 435 848 culis
453 778 609 864 liberato,
639 781 755 849 eodem
781 783 936 868 paruulos
952 804 973 850 a
991 781 1184 850 detonsione
1204 779 1374 852 ehsiduum
1390 777 1472 868 (lgy)

354 886 515 954 redimere
530 908 595 954 nou
612 896 758 972 curante,
770 889 944 976 peripsum
960 891 1112 957 Cosmum
1125 891 1369 959 mutilacionem
1379 909 1469 960 exee-

353 995 403 1084 pit
418 995 513 1064 vuius
529 994 643 1082 digiti,
671 999 755 1066 alter
772 1017 860 1082 uero,
876 997 1033 1064 videlicet
1048 1000 1225 1082 lohannes,
1244 998 1397 1067 similiter
1413 1018 1470 1084 per

355 1106 484 1174 eunden
496 1106 649 1174 Cosmum
660 1109 759 1175 uitam
777 1108 1264 1196 linineritcapitedetruncato;
1282 1110 1399 1179 volens
1414 1109 1473 1193 igi·

354 1219 406 1280 tur
423 1212 510 1280 idem
526 1215 641 1283 Gornes
659 1217 773 1282 Petrus
784 1214 1068 1301 decapitaeionem
1085 1222 1117 1283 ct
1133 1217 1377 1285 mutilacionem
1394 1217 1474 1285 filio·

355 1341 424 1389 rum
443 1321 564 1407 prefati
581 1323 718 1409 Georgij
730 1323 1035 1409 recourpensnoiouc
1053 1332 1085 1392 et
1102 1325 1335 1393 satisfaccione
1352 1324 1474 1412 aliqna-

235 1477 236 1483 κ
355 1431 431 1498 liter
445 1438 652 1518 restaurare,
681 1434 845 1519 quandam
870 1442 992 1501 terram
1020 1453 1114 1503 suam
1129 1435 1307 1520 liusvista,
1333 1436 1388 1503 uel
1408 1434 1472 1503 alio

355 1540 485 1608 nomine
501 1538 641 1609 Kuslclu
659 1547 822 1625 uocatam,
840 1542 1033 1610 existentem
1059 1552 1189 1631 aparte
1215 1544 1367 1612 orientali
1389 1545 1475 1610 inter

355 1655 461 1717 terras
476 1647 583 1716 (lastri
594 1650 803 1718 Poscnieusis
821 1651 1072 1735 Vistauocatas‚
1091 1658 1216 1737 aparte
1230 1671 1311 1720 uero
1327 1653 1476 1720 occiden-

356 1757 415 1822 tali
431 1758 515 1824 inter
531 1764 635 1826 terras
652 1779 731 1827 suas
748 1759 843 1827 Vista
859 1767 1007 1844 uocatas,
1024 1780 1095 1829 cnm
1112 1759 1262 1828 omnihus
1279 1761 1476 1830 utilitatibus

357 1869 432 1952 suis,
446 1869 600 1938 videlieet
610 1868 711 1956 siluis,
729 1869 923 1956 nemoribus,
934 1869 1095 1956 virgultis,
1112 1871 1241 1956 feretis,
1259 1890 1299 1938 ac
1315 1871 1392 1956 alijs
1408 1889 1476 1955 per-

357 1973 509 2062 tineneijs
525 1979 700 2060 uniuersis,
713 1976 818 2044 eidem
835 1977 992 2064 Georgio,
1009 1986 1042 2044 et
1057 1999 1117 2063 per
1133 1998 1206 2046 eum
1223 1980 1290 2046 suin
1300 1977 1475 2046 heredibus

361 2084 582 2168 heredumque
599 2105 727 2152 suorum
745 2085 992 2152 successoribus
1009 2085 1121 2170 dedit,
1142 2087 1279 2154 eontulit
1296 2091 1329 2154 et
1344 2085 1478 2154 donauit

360 2201 516 2278 perpetuo
542 2193 796 2279 possidendam,
822 2201 977 2278 presente
1004 2200 1036 2260 et
1061 2195 1239 2261 assistente
1256 2194 1393 2278 Thema,
1412 2192 1476 2260 tilio

359 2301 494 2370 uomitu
511 2299 669 2386 Tiburcij,
685 2301 796 2368 fratris
813 2302 875 2387 sui,
887 2303 942 2384 qui
956 2299 1142 2370 huiusmodi
1158 2300 1327 2370 donationi
1343 2321 1476 2370 consen·

361 2430 433 2478 sum
449 2430 542 2480 suum
559 2410 689 2498 prebuit
704 2417 737 2504 et
753 2431 934 2494 assensum,
956 2409 1012 2497 ite,
1029 2410 1117 2496 quod
1133 2410 1174 2477 de
1190 2416 1300 2478 cetero
1320 2433 1382 2479 nee
1397 2420 1476 2496 lpse,

244 2516 246 2523 '
362 2537 423 2586 nec
436 2517 496 2607 filij
515 2519 565 2585 sui
575 2568 584 2602 ,
602 2538 663 2586 nee
679 2518 782 2603 aliqui
808 2519 850 2585 de
876 2517 1077 2602 cognacicne
1093 2539 1153 2586 sua
1169 2519 1275 2605 ipsam
1292 2525 1414 2588 terram
1435 2517 1475 2585 ah

364 2627 480 2695 eodem
497 2627 647 2713 Georgio,
665 2632 721 2693 aut
736 2626 813 2714 filijs
830 2629 884 2693 uel
900 2627 1150 2712 posteritatibus
1167 2629 1237 2694 suis
1252 2629 1383 2716 possint
1402 2649 1475 2712 quo-

366 2736 527 2821 quomodo
538 2737 693 2820 alienare,
704 2736 757 2802 uel
769 2735 803 2803 in
818 2735 945 2801 irritum
956 2756 1123 2819 reuocare,
1139 2735 1317 2821 obligando
1336 2757 1382 2820 se,
1394 2735 1478 2820 quod

297 2873 301 2882 ¹
365 2847 562 2930 quicumque
572 2862 730 2929 processu
741 2850 922 2930 temporum
938 2841 980 2910 de
996 2844 1171 2912 heredibus
1188 2854 1245 2914 aut
1256 2846 1477 2930 generacioni·

362 2957 423 3022 bus
439 2953 517 3035 suis,
534 2951 672 3019 eandem
688 2956 811 3017 terram
827 2953 870 3017 ab
886 2953 959 3036 ipso
976 2953 1128 3037 Georgio,
1147 2956 1201 3020 uel
1217 2953 1394 3026 heredibus
1410 2954 1475 3022 suis

363 3063 522 3146 alienare,
539 3067 596 3126 aut
611 3058 738 3128 irritare
757 3058 896 3127 forsitan
913 3066 1165 3148 attemptarent,
1191 3062 1412 3148 alienatores,
1426 3063 1478 3128 uel

364 3173 545 3241 irritatores
557 3168 742 3236 huiusmodi
752 3165 945 3236 donacionis
956 3168 1064 3236 eidem
1074 3169 1230 3256 Georgia,
1247 3169 1300 3238 uel
1311 3189 1478 3240 successe·

365 3279 454 3347 ribus
471 3278 540 3348 suis
556 3277 764 3346 taxacioncm
781 3277 1018 3362 qninquaginta
1043 3296 1236 3362 marcarum,
1253 3279 1370 3362 quihus
1390 3278 1479 3347 deca·

365 3385 485 3475 pitacio
502 3393 534 3454 et
549 3385 716 3452 mutilacio
738 3385 834 3471 digiti
850 3385 987 3452 filiorum
1004 3385 1167 3472 sepedicti
1184 3387 1319 3473 Georgij
1336 3406 1395 3473 per
1410 3406 1478 3471 pro·

366 3498 478 3563 horem
504 3494 645 3560 virorum
670 3492 842 3560 arbitrium
859 3500 911 3560 est
927 3499 1061 3577 taxata,
1090 3495 1222 3563 soluere
1238 3500 1420 3562 teneantur.
1444 3495 1479 3560 ln

368 3605 459 3672 cuius
475 3603 524 3670 rei
539 3601 727 3668 memoriam
742 3607 913 3687 presentes
928 3602 1148 3671 concessimus
1163 3604 1291 3671 litteras
1308 3603 1411 3690 sigilli
1427 3624 1479 3671 nc

367 3712 427 3781 stri
452 3710 629 3776 munimine
648 3709 831 3776 roboratas.
857 3711 978 3776 Datum
994 3712 1027 3778 in
1052 3711 1138 3778 festo
1163 3709 1356 3780 Natiuitatis
1380 3713 1479 3780 Beate

367 3819 511 3907 Virginis
527 3817 676 3888 Gloriose
696 3838 783 3886 anuo
800 3816 932 3885 Domini
948 3815 1005 3887 Μ’).
1023 3815 1101 3890 00⁰.
1119 3817 1317 3888 LXXXX1⁰.

368 4015 499 4088 (Hirtya.
525 4015 552 4070 A
563 4013 679 4087 penset,
701 4013 777 4086 mely
788 4013 1023 4086 hdrtyaszeleien
1044 4016 1179 4090 fiiggbtt,
1201 4016 1285 4074 niues
1299 4033 1365 4091 meg
1383 4015 1479 4072 tiibhc'.

369 4104 653 4180 Ponsonyhiptalani
673 4103 809 4177 crszdgos
831 4103 961 4163 leveltir.
986 4105 1082 4179 Capsa
1102 4106 1180 4164 XIV.
1199 4111 1282 4164 Fesc.
1306 4109 1348 4166 10.
1369 4109 1428 4165 Nro
1440 4108 1479 4165 30.

878 4191 989 4272 Krane.)
