3166 5238
839 217 999 321 ..aa

353 417 550 505 posteritate
566 415 757 502 eorundem,
775 413 883 482 adbuc
903 415 979 498 ipsa
996 412 1128 480 uiuente
1146 411 1260 482 debita
1275 416 1394 477 nature
1412 413 1483 480 sol-

355 545 434 594 uere
450 524 666 610 contingeret,
683 529 716 592 et
731 521 880 609 predicta
896 522 1029 590 domina
1042 521 1226 609 Illysabeth
1243 521 1482 607 superuiueret,

356 655 398 704 ex
422 639 500 704 tune
524 635 672 718 prelatas
697 631 928 720 possessiones
954 631 1066 699 Vardo
1091 637 1125 698 et
1144 630 1385 698 Damasafeldu
1411 651 1483 696 cum

355 740 507 812 omnibus
522 740 731 827 utilitatibus,
756 739 972 828 pertinencijs
998 747 1031 806 et
1051 739 1252 825 adiacencijs
1272 738 1413 824 pacifice
1424 789 1435 824 ,
1451 747 1484 806 et

356 850 466 936 quiete
482 850 610 936 absque
625 848 768 920 humano
779 849 1006 936 inpedimento
1016 848 1121 916 libere
1137 846 1333 934 possidebit,
1352 846 1485 913 relictu-

355 979 428 1026 ram
443 977 485 1026 ac
500 959 715 1046 donaturam,
742 979 851 1046 ymmo
874 955 1091 1023 donacionem
1107 975 1149 1022 ex
1165 973 1251 1023 nunc
1267 953 1392 1023 factam
1410 955 1485 1023 effe·

357 1066 423 1134 otui
438 1067 712 1154 mancipaturam.
739 1067 776 1135 Si
792 1071 904 1134 autem
920 1065 995 1149 ipsa
1012 1063 1147 1132 domina
1162 1063 1347 1150 Elysabeth
1368 1062 1482 1130 instin-

357 1179 412 1244 ctu
428 1174 566 1263 speciali
590 1175 720 1244 seilicet
735 1173 842 1242 dictas
868 1171 1098 1258 possessiones
1124 1171 1202 1237 uiua
1218 1189 1299 1238 voce
1319 1175 1352 1238 et
1369 1171 1484 1240 uolun-

357 1283 443 1352 tarie
457 1283 629 1371 resignare
638 1281 790 1368 uoluerit,
801 1287 834 1351 et
842 1279 996 1350 recedere
1012 1280 1055 1347 ab
1072 1277 1190 1348 iisdem
1207 1278 1482 1368 possessionibus,

241 1411 243 1418 ’
359 1411 401 1460 ex
416 1395 492 1459 tunc
508 1410 569 1459 nos
589 1390 830 1476 quinquaginta
846 1407 977 1456 marcas
995 1385 1051 1454 fini
1076 1389 1207 1471 argenti
1224 1386 1333 1456 eidem
1350 1389 1483 1456 domine

358 1502 457 1586 plene
474 1503 508 1566 ct
526 1498 653 1584 integre
668 1496 917 1568 deredebemus
938 1505 968 1562 et
983 1505 1140 1579 tenemur,
1158 1515 1219 1580 pro
1236 1498 1409 1566 uoluntate
1426 1519 1485 1567 sua

358 1607 616 1678 distribuendas.
632 1610 673 1676 Et
698 1628 741 1676 ne
756 1607 791 1675 in
811 1606 873 1674 hoc
889 1625 969 1672 casu
985 1613 1064 1674 uoto
1081 1625 1140 1674 suc
1160 1623 1201 1672 ex
1222 1627 1309 1673 nunc
1334 1607 1486 1674 ordinato

361 1721 393 1786 et
409 1715 633 1802 solemnizare,
650 1714 784 1784 malicia
800 1714 966 1782 hominum
992 1713 1097 1800 possit
1113 1715 1325 1796 aliquatenus
1342 1709 1486 1804 obuiare,

361 1845 433 1893 oum
450 1845 548 1894 casus
565 1825 710 1916 fortuiti,
737 1831 770 1892 et
787 1822 1009 1912 inopinabiles
1029 1825 1217 1892 nullatenus
1232 1826 1400 1912 provideri
1414 1846 1485 1912 pos·

360 1937 437 2021 sint,
454 1935 484 2003 si
499 1935 608 2022 ipsam
625 1940 731 2004 morte
748 1935 927 2021 improvisa
943 1934 1084 2001 transire
1101 1955 1142 2002 ex
1157 1935 1220 2001 hoc
1236 1935 1348 2004 seculo
1364 1938 1485 2004 eontin-

359 2050 428 2131 gat,
444 2044 551 2114 dictas
563 2043 796 2130 possessiones
806 2044 840 2110 in
856 2043 907 2110 ius
919 2049 951 2108 et
967 2043 1201 2128 proprietatem
1219 2044 1289 2108 siue
1306 2042 1485 2112 dominium

359 2159 506 2222 nostrum
531 2172 573 2220 ex
598 2171 683 2219 nunc
710 2154 780 2218 vult
805 2149 996 2234 transferri,
1018 2149 1285 2218 contradiccione
1312 2153 1485 2222 cuiuslibet

358 2263 602 2329 nonobstante.
628 2260 701 2328 Hoc
717 2257 872 2346 adjecto,
898 2257 986 2344 quod
1011 2277 1070 2328 nos
1096 2257 1308 2346 supradictas
1329 2263 1484 2346 quinqua·

359 2368 452 2458 ginta
461 2387 591 2437 marcas
602 2368 660 2437 fini
673 2369 806 2452 argenti
815 2387 875 2454 pro
893 2365 1038 2436 remedio
1049 2369 1157 2434 anime
1175 2367 1310 2436 Comitis
1324 2368 1486 2440 Harbordi

358 2479 445 2546 bone
461 2477 614 2544 memorie
635 2475 745 2543 mariti
762 2477 823 2560 sui,
841 2483 874 2558 et
890 2495 957 2562 sue,
975 2495 1036 2546 neo
1052 2496 1118 2544 non
1135 2476 1336 2560 altiliorum,
1353 2499 1396 2548 ac
1411 2478 1484 2564 filie,

360 2605 418 2652 seu
433 2587 538 2654 tocius
556 2585 764 2672 posteritatis
781 2586 978 2653 distribuere
995 2586 1186 2670 tenebimur,
1204 2586 1303 2653 modo
1322 2586 1485 2656 infrascri-

360 2700 436 2781 pto;
460 2695 575 2763 decem
590 2693 747 2763 videlicet
763 2715 891 2764 marcas
918 2695 1070 2764 dabimus
1096 2695 1254 2762 fratribus
1271 2695 1486 2764 Predicatori-

360 2802 422 2870 bus
448 2800 489 2868 de
514 2803 612 2884 domo
629 2803 787 2889 Albensi,
805 2803 850 2880 ad
866 2822 949 2887 opus
967 2802 1117 2870 Ecclesia
1133 2804 1237 2875 Beate
1253 2802 1420 2890 Virginis,
1438 2805 1487 2872 de-

363 2929 433 2977 cem
452 2912 607 2981 fratribus
626 2912 847 2992 Heremitanis
865 2913 981 2980 Sancti
998 2912 1176 2998 Augustini
1192 2912 1233 2978 de
1250 2911 1425 2980 Conventu
1440 2914 1487 2980 Al-

360 3017 457 3086 bensi
469 3019 514 3086 ad
530 3039 613 3104 opus
629 3021 780 3088 Ecclesie
791 3007 904 3087 Sancti
921 3019 1081 3104 Stephani
1093 3020 1381 3107 Prothomartiris5
1402 3023 1488 3107 quin-

362 3145 426 3210 que
440 3146 570 3197 marcas
587 3128 745 3197 fratribus
762 3128 1031 3196 Predicatoribus
1047 3127 1087 3194 de
1108 3128 1248 3214 Oybinio
1265 3129 1308 3198 ad
1325 3149 1412 3216 opus
1431 3137 1486 3202 lle-

361 3237 464 3304 clesie
480 3237 603 3306 Sancte
628 3237 763 3326 Crucis5
780 3239 922 3320 quinque
939 3256 1064 3305 marcas
1080 3235 1235 3306 tratribus
1250 3239 1434 3310 minoribus
1450 3242 1489 3310 dc

362 3343 477 3413 eodem
492 3345 537 3414 ad
554 3365 635 3432 opus
660 3345 810 3414 Ecclesie
831 3347 952 3414 Sancte
970 3345 1174 3432 Elysabeth3
1192 3346 1306 3415 decem
1332 3349 1485 3420 fratribus

360 3449 628 3522 Predicatoribus
644 3453 680 3520 in
692 3451 799 3522 Vinch
810 3453 1035 3537 existentibus,
1052 3453 1081 3520 si
1098 3455 1132 3520 in
1150 3453 1366 3542 (lomentum,
1388 3479 1486 3545 usquc

362 3559 407 3627 ad
423 3561 680 3646 complecionem
705 3561 936 3631 condicionum
962 3561 1226 3647 supradictarum
1243 3562 1344 3632 fuerit
1360 3572 1485 3635 erectus

362 3669 449 3740 idem
464 3669 568 3757 locus,
586 3670 638 3738 sin
654 3677 774 3755 autem,
787 3671 928 3754 quinque
943 3690 1077 3740 marcas
1093 3671 1250 3740 fratribus
1265 3665 1332 3738 illic
1344 3675 1485 3743 residen-

362 3777 460 3864 tibus,
478 3786 511 3848 et
526 3777 671 3861 quinque
687 3777 844 3846 fratribus
870 3778 912 3846 de
938 3778 1105 3864 Gandela,
1122 3799 1164 3847 ac
1190 3779 1305 3848 decem
1332 3780 1484 3852 tratribus

362 3884 629 3958 Predicatoribus
655 3887 696 3954 de
722 3887 920 3973 Seguswar;
947 3894 979 3955 et
996 3887 1046 3956 sic
1066 3888 1316 3974 complebuntur
1332 3890 1485 3974 quinqua·

361 3995 456 4083 ginta
471 4014 583 4065 marce
594 3995 743 4081 superius
760 3996 937 4081 nominate,
953 4015 1014 4063 nee
1025 3997 1117 4085 prius
1133 3997 1227 4064 adire
1238 3997 1401 4065 debemus
1417 4017 1484 4082 pos·

361 4103 546 4176 sesssiones
562 4111 773 4192 memoratas,
787 4105 854 4172 nisi
870 4106 961 4191 prius
979 4107 1220 4194 quinquaginta
1230 4125 1342 4174 marce
1359 4109 1483 4195 sepedi-

361 4223 413 4284 cte
422 4265 432 4300 ‚
459 4213 639 4284 seeundum
655 4215 784 4283 modum
807 4220 1015 4302 prenotatam
1030 4267 1039 4301 ,
1068 4219 1165 4302 plene
1181 4222 1214 4284 et
1229 4216 1357 4302 integre
1370 4217 1483 4285 fuerint

362 4324 539 4410 persoluta.
557 4325 711 4395 Ceterum
738 4330 842 4395 totam
858 4324 1106 4394 ordinacionem
1129 4328 1253 4396 factam
1269 4326 1311 4394 de
1326 4328 1430 4396 uerbo
1444 4327 1481 4396 ad

362 4433 500 4501 uerbum
515 4453 587 4520 nos,
603 4435 694 4503 nullo
710 4434 753 4501 dc
769 4435 864 4501 nobis
878 4434 1132 4519 contradicente,
1150 4437 1310 4504 benevole
1326 4455 1400 4504 oum
1416 4457 1480 4523 gra·

359 4539 487 4612 ciarum
503 4541 640 4614 accione
655 4547 825 4626 gratanter
841 4541 991 4614 duximus
1008 4543 1257 4630 acceptandam.
1274 4547 1312 4614 In
1330 4545 1426 4616 ouius
1441 4543 1479 4614 rei
