3188 5238
828 209 986 310 Q

349 406 456 486 tineri,
473 405 560 490 quod
585 403 749 488 quandam
764 406 964 492 particulam
981 411 1072 472 terre
1089 403 1226 471 Comitis
1246 403 1396 488 Gregorii
1411 401 1468 470 filii

349 514 509 584 lobannis
536 514 601 602 ipsi
617 513 735 583 comiti
761 515 920 600 Gregorio
941 535 1001 600 pro
1026 513 1199 583 meritoriis
1225 514 1294 581 ruis
1320 511 1468 580 seruiciis

351 623 551 692 contulisset.
567 621 689 692 Contra
699 643 795 707 quem
805 624 871 692 iam
882 623 988 690 dictus
1004 621 1154 691 dominus
1164 620 1277 690 Abbas
1291 618 1469 706 respondit,

351 733 440 818 quod
455 753 516 800 nec
532 737 655 800 terram
672 732 772 800 castri
793 752 834 799 ex
850 731 1030 800 collacione
1047 730 1151 812 Regia
1174 728 1323 796 habitam
1340 748 1402 794 nec
1416 727 1470 792 he·

351 841 541 910 reditariam
557 848 679 908 terram
695 841 894 926 haberent-in
911 841 1061 926 predicta
1071 845 1159 906 terra
1175 839 1266 904 Kara
1282 837 1470 920 aliqualem,

351 951 410 1021 sed
426 951 558 1018 omnino
575 957 608 1016 et
623 949 854 1018 uniuersaliter
869 957 958 1017 esset
972 947 1176 1016 hereditaria
1191 954 1283 1014 terra
1299 949 1471 1014 monaste-

352 1060 392 1127 rii
407 1057 521 1127 Sancti
546 1059 689 1125 Martini.
705 1060 773 1125 Nos
789 1078 866 1126 uero
883 1059 1201 1137 adiudioaveromus,
1219 1057 1307 1139 quod
1323 1054 1471 1141 prefatus

353 1166 470 1236 Comes
487 1165 654 1234 lohannes
680 1167 744 1234 iam
762 1168 883 1234 dictam
899 1174 1020 1234 terram
1040 1185 1081 1232 ex
1098 1165 1279 1232 collacione
1297 1163 1403 1246 Regia
1419 1164 1474 1230 hc·

352 1277 453 1344 bitom
470 1283 503 1342 et
518 1277 610 1342 iuxta
626 1275 763 1344 eandem
782 1286 902 1344 terram
925 1296 1035 1344 eorum
1062 1271 1315 1357 hereditariam,
1340 1273 1427 1339 sicut
1440 1273 1473 1339 iu

354 1384 526 1471 priuilegio
542 1385 722 1470 prescripto
740 1384 931 1468 continetur,
951 1383 1035 1452 feria
1045 1389 1164 1466 quarta
1180 1387 1256 1466 post
1272 1382 1391 1448 festum
1408 1382 1473 1448 hla-
1555 1377 1559 1388 '

354 1493 421 1560 thei
435 1491 586 1578 Apostoli
601 1509 707 1558 coram
723 1492 911 1562 testimonio
936 1492 1125 1560 (lonuontus
1142 1490 1349 1575 Simigiensis
1367 1499 1474 1558 oeten·

355 1600 448 1665 deret
462 1598 588 1672 homini
603 1607 716 1666 nostro
742 1607 776 1666 ct
800 1619 873 1666 cum
890 1601 1006 1668 eodem
1023 1600 1255 1680 reambularet,
1277 1603 1310 1664 ot
1325 1597 1475 1667 similiter

356 1709 507 1778 dominus
522 1709 635 1778 Abbas
651 1716 773 1778 terram
790 1728 883 1776 suam
900 1709 1131 1778 hereditariam
1148 1711 1241 1777 iuxta
1257 1709 1475 1778 assercionem

357 1839 448 1885 suam
472 1823 699 1906 prenotatam
725 1821 932 1903 postmodum
958 1823 1053 1890 ambe
1077 1827 1189 1906 partes
1215 1838 1287 1884 cum
1312 1818 1430 1884 litteris
1448 1825 1478 1883 et

356 1925 540 2011 priuilegiis
557 1946 667 1994 eorum
692 1927 737 1994 od
753 1929 885 1996 dualem
907 1929 1108 1997 decisionem
1125 1947 1226 1996 cause
1242 1927 1413 1996 sabbatho
1430 1946 1477 1994 se·

358 2035 472 2117 quenti
496 2041 571 2120 post
595 2035 775 2119 predictum
799 2037 970 2102 terminum
995 2041 1223 2121 comparerent
1248 2042 1358 2104 coram
1383 2037 1478 2103 nobis

357 2145 486 2212 iterato.
502 2143 646 2227 Ipsoque
671 2143 726 2210 dic
751 2142 948 2213 adueniente
973 2147 1139 2231 predictus
1166 2145 1284 2212 (lomes
1311 2145 1478 2212 lohannes

358 2273 422 2322 non
439 2250 539 2333 venit,
557 2270 618 2318 nec
634 2252 777 2334 aliquem
803 2271 863 2338 pro
878 2270 915 2319 so
931 2253 1031 2339 misit,
1048 2253 1217 2338 predictus
1233 2273 1311 2320 uero
1328 2251 1478 2320 dominus

358 2362 473 2428 Abbas
488 2361 579 2428 veuit
588 2360 633 2428 ad
649 2362 871 2430 exhibendum
883 2381 976 2429 suum
993 2363 1200 2447 priuilegium
1218 2363 1263 2430 ad
1279 2363 1412 2430 finalem
1427 2363 1476 2428 de-

359 2471 514 2535 cisionem
530 2486 628 2536 cause
644 2489 702 2538 sue
718 2469 832 2536 ordine
847 2470 1021 2538 iudiciario
1038 2471 1249 2555 suscipiendi,
1267 2471 1475 2553 exhibuitque

360 2579 488 2644 litteras
504 2576 643 2662 predicti
662 2579 869 2662 Contentus,
888 2580 930 2646 ¹in
948 2580 1066 2662 quibus
1083 2580 1283 2665 reperimus,
1308 2580 1476 2662 quodiam

361 2687 466 2756 dictus
491 2684 640 2752 dominus
667 2689 778 2757 Abbas
795 2706 891 2772 super
915 2687 1035 2754 faciem
1061 2699 1147 2754 terre
1171 2708 1229 2755 seu
1256 2688 1478 2772 possessionis

363 2794 457 2860 Kara
472 2795 705 2878 comparando,
721 2797 868 2863 totaliter
893 2797 994 2862 iuius
1015 2805 1047 2862 et
1072 2797 1304 2881 proprietatem
1322 2795 1400 2864 dicti
1417 2799 1478 2864 hlo-

361 2906 498 2972 nesterii
537 2905 702 2990 pertinere
744 2904 883 2974 dixisset
923 2913 1042 2974 terram
1084 2906 1176 2972 Kara
1210 2907 1475 2989 prenominatam,

363 3011 529 3098 predictus
555 3032 634 3080 vero
660 3012 829 3080 Johannes
854 3035 920 3082 non
937 3018 1181 3098 comparuisset,
1205 3033 1266 3080 neo
1282 3015 1361 3081 illuc
1377 3017 1478 3082 venis·

364 3129 414 3188 set
429 3130 464 3188 ιι
479 3129 714 3206 assumpserat.
732 3121 801 3190 Nos
817 3123 917 3206 igitur
934 3123 1145 3190 considerata
1170 3129 1203 3190 et
1219 3123 1387 3190 intellecta
1403 3124 1480 3189 veri-

364 3238 443 3316 tate,
461 3237 494 3294 ot
509 3229 648 3296 maxime
666 3229 743 3312 quia
763 3231 929 3313 predictus
946 3231 1064 3300 Comes
1080 3231 1247 3298 Johannes
1264 3231 1307 3296 ad
1324 3231 1479 3298 exhiben-

365 3337 440 3404 dum
456 3357 549 3403 suum
564 3337 772 3422 priuilegium
789 3347 821 3406 et
837 3339 882 3405 ad
897 3337 1028 3405 finalem
1044 3338 1241 3405 decisionem
1258 3359 1358 3406 cause
1374 3342 1480 3406 venire

365 3468 430 3514 non
447 3447 594 3528 curabat,
605 3453 640 3513 vt
655 3445 861 3532 premittitur,
878 3446 986 3530 ipsam
1002 3455 1123 3514 terram
1139 3449 1231 3514 Kara
1249 3467 1320 3512 cum
1335 3448 1479 3514 omnibus

366 3554 560 3620 utilitatibus
575 3561 609 3620 et
623 3556 831 3640 pertinenciis
850 3554 917 3620 suis
934 3575 973 3622 ac
987 3566 1083 3639 prato
1101 3561 1134 3620 et
1149 3552 1253 3622 vineis
1269 3557 1386 3622 ordine
1399 3556 1481 3642 judi·

366 3664 469 3731 ciario
486 3663 550 3745 ipsi
566 3662 767 3730 Monasterio
785 3663 899 3730 Sancti
915 3665 1046 3730 Martini
1062 3664 1261 3730 restituimus
1286 3684 1345 3730 seu
1372 3666 1479 3732 statui-

365 3790 436 3838 mus
452 3771 487 3836 in
503 3789 586 3854 pace
598 3769 793 3857 habendam,
806 3774 982 3848 tenendam
999 3778 1032 3838 et
1042 3773 1288 3860 possidendam.
1306 3773 1477 3841 Presentes

368 3889 476 3948 autem
488 3886 621 3965 propter
640 3880 796 3946 maiorem
812 3881 862 3947 rei
877 3884 1038 3948 cautelam
1063 3881 1172 3966 sigillo
1190 3881 1364 3965 prescripti
1380 3883 1480 3972 predi·

369 3993 412 4056 oti
422 3988 573 4074 Magistri
582 3990 713 4058 lwanco
722 3987 842 4054 domini
852 3990 955 4057 nostri
972 3989 1107 4056 fecimus
1119 3991 1267 4074 sigillari.
1280 3989 1401 4056 Datum
1412 3991 1480 4058 sab·

368 4097 469 4164 hatho
485 4095 634 4180 proximo
653 4101 728 4180 post
743 4096 860 4162 festum
875 4097 1009 4184 Mathey
1020 4098 1170 4183 Apostoli
1185 4118 1272 4166 anno
1288 4099 1421 4167 Domini
1437 4098 1480 4166 Ml

369 4203 439 4272 00⁰
453 4205 665 4290 nonagesimo
685 4210 812 4288 quarto.
852 4213 853 4216 ’

370 4363 409 4435 (Α
430 4365 560 4440 somogyi
582 4381 620 4420 sn.
645 4364 746 4439 egyedr
770 4365 1024 4424 honventldlB-ki
1047 4366 1212 4438 dtiratdbdl,
1233 4369 1308 4442 mely
1322 4367 1478 4430 drictetika

635 4469 674 4508 sn.
687 4453 809 4510 meconi
818 4452 975 4530 fdapdtsdg
987 4455 1213 4524 leve'ltttreiban.)
