<?xml version="1.0" encoding="UTF-8"?>
<!DOCTYPE html PUBLIC "-//W3C//DTD XHTML 1.0 Transitional//EN"
    "http://www.w3.org/TR/xhtml1/DTD/xhtml1-transitional.dtd">
<html xmlns="http://www.w3.org/1999/xhtml" xml:lang="en" lang="en">
 <head>
  <title>
</title>
<meta http-equiv="Content-Type" content="text/html;charset=utf-8" />
  <meta name='ocr-system' content='tesseract 3.04.00' />
  <meta name='ocr-capabilities' content='ocr_page ocr_carea ocr_par ocr_line ocrx_word'/>
</head>
<body>
  <div class='ocr_page' id='page_1' title='image "./codexdiplomatic02wenzgoog_0216.png"; bbox 0 0 3166 5238; ppageno 0'>
   <div class='ocr_carea' id='block_1_1' title="bbox 847 309 1001 412">
    <p class='ocr_par' dir='ltr' id='par_1_1' title="bbox 847 309 1001 412">
     <span class='ocr_line' id='line_1_1' title="bbox 847 309 1001 412; baseline 0 -36"><span class='ocrx_word' id='word_1_1' title='bbox 847 309 1001 412; x_wconf 42' lang='lat' dir='ltr'>Q—</span> 
     </span>
    </p>
   </div>
   <div class='ocr_carea' id='block_1_2' title="bbox 361 507 1483 2769">
    <p class='ocr_par' dir='ltr' id='par_1_2' title="bbox 361 507 1483 2769">
     <span class='ocr_line' id='line_1_2' title="bbox 362 507 1475 596; baseline -0.001 -20"><span class='ocrx_word' id='word_1_2' title='bbox 362 510 438 596; x_wconf 88' lang='lat' dir='ltr'>pnis</span> <span class='ocrx_word' id='word_1_3' title='bbox 455 507 559 578; x_wconf 82' lang='lat' dir='ltr'>esiam</span> <span class='ocrx_word' id='word_1_4' title='bbox 577 515 609 578; x_wconf 87' lang='lat' dir='ltr'>et</span> <span class='ocrx_word' id='word_1_5' title='bbox 625 507 775 596; x_wconf 90' lang='lat' dir='ltr'>iniurijs,</span> <span class='ocrx_word' id='word_1_6' title='bbox 796 529 859 595; x_wconf 89' lang='lat' dir='ltr'>que</span> <span class='ocrx_word' id='word_1_7' title='bbox 876 529 935 594; x_wconf 90' lang='lat' dir='ltr'>pro</span> <span class='ocrx_word' id='word_1_8' title='bbox 951 508 1107 578; x_wconf 80' lang='lat' dir='ltr'>fidelitate</span> <span class='ocrx_word' id='word_1_9' title='bbox 1120 508 1216 576; x_wconf 87' lang='lat' dir='ltr'>nobis</span> <span class='ocrx_word' id='word_1_10' title='bbox 1233 507 1345 579; x_wconf 83' lang='lat' dir='ltr'>debita</span> <span class='ocrx_word' id='word_1_11' title='bbox 1360 528 1418 596; x_wconf 87' lang='lat' dir='ltr'>per</span> <span class='ocrx_word' id='word_1_12' title='bbox 1433 509 1475 576; x_wconf 94' lang='lat' dir='ltr'>in-</span> 
     </span>
     <span class='ocr_line' id='line_1_3' title="bbox 361 617 1477 704; baseline 0.003 -22"><span class='ocrx_word' id='word_1_13' title='bbox 361 617 473 685; x_wconf 85' lang='lat' dir='ltr'>fideles</span> <span class='ocrx_word' id='word_1_14' title='bbox 489 618 594 702; x_wconf 83' lang='lat' dir='ltr'>Regni</span> <span class='ocrx_word' id='word_1_15' title='bbox 619 619 721 686; x_wconf 79' lang='lat' dir='ltr'><strong>nostri</strong></span> <span class='ocrx_word' id='word_1_16' title='bbox 737 625 786 688; x_wconf 88' lang='lat' dir='ltr'>est</span> <span class='ocrx_word' id='word_1_17' title='bbox 802 638 988 703; x_wconf 86' lang='lat' dir='ltr'>perpessus,</span> <span class='ocrx_word' id='word_1_18' title='bbox 1007 627 1040 686; x_wconf 88' lang='lat' dir='ltr'>et</span> <span class='ocrx_word' id='word_1_19' title='bbox 1055 619 1244 704; x_wconf 81' lang='lat' dir='ltr'><strong>specialiter</strong></span> <span class='ocrx_word' id='word_1_20' title='bbox 1267 638 1326 704; x_wconf 90' lang='lat' dir='ltr'>per</span> <span class='ocrx_word' id='word_1_21' title='bbox 1341 618 1477 703; x_wconf 83' lang='lat' dir='ltr'>Stepha-</span> 
     </span>
     <span class='ocr_line' id='line_1_4' title="bbox 361 726 1476 812; baseline 0.002 -19"><span class='ocrx_word' id='word_1_22' title='bbox 361 746 437 794; x_wconf 89' lang='lat' dir='ltr'>num</span> <span class='ocrx_word' id='word_1_23' title='bbox 454 728 575 796; x_wconf 88' lang='lat' dir='ltr'>diotum</span> <span class='ocrx_word' id='word_1_24' title='bbox 602 726 734 794; x_wconf 84' lang='lat' dir='ltr'>&#39;Phonth</span> <span class='ocrx_word' id='word_1_25' title='bbox 759 727 953 794; x_wconf 89' lang='lat' dir='ltr'>seruientem</span> <span class='ocrx_word' id='word_1_26' title='bbox 979 727 1141 795; x_wconf 82' lang='lat' dir='ltr'>Johannis</span> <span class='ocrx_word' id='word_1_27' title='bbox 1158 726 1216 812; x_wconf 87' lang='lat' dir='ltr'>filij</span> <span class='ocrx_word' id='word_1_28' title='bbox 1240 727 1370 792; x_wconf 87' lang='lat' dir='ltr'>Herriei</span> <span class='ocrx_word' id='word_1_29' title='bbox 1394 735 1476 810; x_wconf 76' lang='lat' dir='ltr'>tuno,</span> 
     </span>
     <span class='ocr_line' id='line_1_5' title="bbox 363 835 1478 922; baseline 0 -20"><span class='ocrx_word' id='word_1_30' title='bbox 363 839 436 902; x_wconf 81' lang='lat' dir='ltr'>edm</span> <span class='ocrx_word' id='word_1_31' title='bbox 461 843 604 902; x_wconf 82' lang='lat' dir='ltr'>oestrum</span> <span class='ocrx_word' id='word_1_32' title='bbox 621 835 826 922; x_wconf 87' lang='lat' dir='ltr'>Symigiense</span> <span class='ocrx_word' id='word_1_33' title='bbox 842 835 1077 919; x_wconf 81' lang='lat' dir='ltr'>obsideremus,</span> <span class='ocrx_word' id='word_1_34' title='bbox 1099 844 1148 902; x_wconf 88' lang='lat' dir='ltr'>est</span> <span class='ocrx_word' id='word_1_35' title='bbox 1163 854 1351 920; x_wconf 85' lang='lat' dir='ltr'>perpessus,</span> <span class='ocrx_word' id='word_1_36' title='bbox 1368 835 1401 899; x_wconf 92' lang='lat' dir='ltr'>in</span> <span class='ocrx_word' id='word_1_37' title='bbox 1418 855 1478 917; x_wconf 83' lang='lat' dir='ltr'>qun</span> 
     </span>
     <span class='ocr_line' id='line_1_6' title="bbox 362 941 1477 1026; baseline -0.003 -17"><span class='ocrx_word' id='word_1_38' title='bbox 362 943 491 1026; x_wconf 89' lang='lat' dir='ltr'>quidem</span> <span class='ocrx_word' id='word_1_39' title='bbox 507 943 731 1010; x_wconf 87' lang='lat' dir='ltr'>destrueoione</span> <span class='ocrx_word' id='word_1_40' title='bbox 742 943 784 1008; x_wconf 85' lang='lat' dir='ltr'>ad</span> <span class='ocrx_word' id='word_1_41' title='bbox 801 943 947 1008; x_wconf 80' lang='lat' dir='ltr'>ualerem</span> <span class='ocrx_word' id='word_1_42' title='bbox 959 941 1171 1009; x_wconf 77' lang='lat' dir='ltr'>ducentarum</span> <span class='ocrx_word' id='word_1_43' title='bbox 1192 961 1374 1009; x_wconf 84' lang='lat' dir='ltr'>marearum</span> <span class='ocrx_word' id='word_1_44' title='bbox 1391 941 1477 1007; x_wconf 83' lang='lat' dir='ltr'>dam-</span> 
     </span>
     <span class='ocr_line' id='line_1_7' title="bbox 363 1051 1477 1136; baseline -0.002 -20"><span class='ocrx_word' id='word_1_45' title='bbox 363 1053 418 1136; x_wconf 91' lang='lat' dir='ltr'>pni</span> <span class='ocrx_word' id='word_1_46' title='bbox 434 1059 485 1118; x_wconf 90' lang='lat' dir='ltr'>est</span> <span class='ocrx_word' id='word_1_47' title='bbox 501 1070 689 1136; x_wconf 85' lang='lat' dir='ltr'>perpessus,</span> <span class='ocrx_word' id='word_1_48' title='bbox 715 1059 810 1136; x_wconf 91' lang='lat' dir='ltr'>prout</span> <span class='ocrx_word' id='word_1_49' title='bbox 834 1053 867 1116; x_wconf 95' lang='lat' dir='ltr'>in</span> <span class='ocrx_word' id='word_1_50' title='bbox 883 1053 1000 1118; x_wconf 87' lang='lat' dir='ltr'>littoris</span> <span class='ocrx_word' id='word_1_51' title='bbox 1015 1051 1159 1136; x_wconf 81' lang='lat' dir='ltr'>Capituli</span> <span class='ocrx_word' id='word_1_52' title='bbox 1183 1051 1397 1118; x_wconf 87' lang='lat' dir='ltr'>Posoniensis</span> <span class='ocrx_word' id='word_1_53' title='bbox 1416 1051 1477 1134; x_wconf 92' lang='lat' dir='ltr'>ple-</span> 
     </span>
     <span class='ocr_line' id='line_1_8' title="bbox 362 1159 1478 1244; baseline -0.005 -16"><span class='ocrx_word' id='word_1_54' title='bbox 362 1161 436 1228; x_wconf 89' lang='lat' dir='ltr'>nius</span> <span class='ocrx_word' id='word_1_55' title='bbox 451 1159 591 1228; x_wconf 89' lang='lat' dir='ltr'>uidimus</span> <span class='ocrx_word' id='word_1_56' title='bbox 602 1159 768 1226; x_wconf 73' lang='lat' dir='ltr'>contineri.</span> <span class='ocrx_word' id='word_1_57' title='bbox 781 1162 817 1222; x_wconf 92' lang='lat' dir='ltr'>ln</span> <span class='ocrx_word' id='word_1_58' title='bbox 828 1160 1170 1243; x_wconf 76' lang='lat' dir='ltr'>recompensacionem</span> <span class='ocrx_word' id='word_1_59' title='bbox 1192 1159 1290 1244; x_wconf 88' lang='lat' dir='ltr'>igitur</span> <span class='ocrx_word' id='word_1_60' title='bbox 1305 1167 1354 1224; x_wconf 88' lang='lat' dir='ltr'>tot</span> <span class='ocrx_word' id='word_1_61' title='bbox 1370 1164 1403 1224; x_wconf 90' lang='lat' dir='ltr'>et</span> <span class='ocrx_word' id='word_1_62' title='bbox 1412 1165 1478 1224; x_wconf 86' lang='lat' dir='ltr'>tsn-</span> 
     </span>
     <span class='ocr_line' id='line_1_9' title="bbox 363 1267 1480 1354; baseline -0.003 -20"><span class='ocrx_word' id='word_1_63' title='bbox 363 1275 468 1334; x_wconf 84' lang='lat' dir='ltr'>torum</span> <span class='ocrx_word' id='word_1_64' title='bbox 484 1268 694 1336; x_wconf 89' lang='lat' dir='ltr'>seruioiorum</span> <span class='ocrx_word' id='word_1_65' title='bbox 711 1276 744 1334; x_wconf 90' lang='lat' dir='ltr'>et</span> <span class='ocrx_word' id='word_1_66' title='bbox 760 1268 974 1352; x_wconf 86' lang='lat' dir='ltr'>dampnorum</span> <span class='ocrx_word' id='word_1_67' title='bbox 992 1269 1093 1354; x_wconf 91' lang='lat' dir='ltr'>ipsius</span> <span class='ocrx_word' id='word_1_68' title='bbox 1110 1268 1245 1334; x_wconf 77' lang='lat' dir='ltr'>Comitis</span> <span class='ocrx_word' id='word_1_69' title='bbox 1271 1269 1360 1334; x_wconf 87' lang='lat' dir='ltr'>Petri</span> <span class='ocrx_word' id='word_1_70' title='bbox 1376 1267 1480 1351; x_wconf 90' lang='lat' dir='ltr'>predi·</span> 
     </span>
     <span class='ocr_line' id='line_1_10' title="bbox 364 1375 1481 1464; baseline -0.003 -20"><span class='ocrx_word' id='word_1_71' title='bbox 364 1384 450 1444; x_wconf 87' lang='lat' dir='ltr'>etum</span> <span class='ocrx_word' id='word_1_72' title='bbox 465 1382 583 1443; x_wconf 83' lang='lat' dir='ltr'>terrem</span> <span class='ocrx_word' id='word_1_73' title='bbox 600 1377 725 1464; x_wconf 83' lang='lat' dir='ltr'>Semky</span> <span class='ocrx_word' id='word_1_74' title='bbox 741 1379 784 1444; x_wconf 86' lang='lat' dir='ltr'>eb</span> <span class='ocrx_word' id='word_1_75' title='bbox 800 1377 949 1444; x_wconf 81' lang='lat' dir='ltr'>omnibus</span> <span class='ocrx_word' id='word_1_76' title='bbox 965 1377 1152 1444; x_wconf 85' lang='lat' dir='ltr'>reuooendo</span> <span class='ocrx_word' id='word_1_77' title='bbox 1169 1377 1210 1444; x_wconf 94' lang='lat' dir='ltr'>de</span> <span class='ocrx_word' id='word_1_78' title='bbox 1225 1397 1309 1444; x_wconf 90' lang='lat' dir='ltr'>nouo</span> <span class='ocrx_word' id='word_1_79' title='bbox 1334 1375 1481 1444; x_wconf 82' lang='lat' dir='ltr'>dedimus</span> 
     </span>
     <span class='ocr_line' id='line_1_11' title="bbox 365 1482 1481 1572; baseline -0.004 -20"><span class='ocrx_word' id='word_1_80' title='bbox 365 1491 397 1552; x_wconf 88' lang='lat' dir='ltr'>et</span> <span class='ocrx_word' id='word_1_81' title='bbox 413 1484 608 1553; x_wconf 87' lang='lat' dir='ltr'>eontulimus</span> <span class='ocrx_word' id='word_1_82' title='bbox 635 1483 740 1550; x_wconf 90' lang='lat' dir='ltr'>eidem</span> <span class='ocrx_word' id='word_1_83' title='bbox 757 1484 874 1552; x_wconf 82' lang='lat' dir='ltr'>Oomiti</span> <span class='ocrx_word' id='word_1_84' title='bbox 902 1492 934 1551; x_wconf 90' lang='lat' dir='ltr'>et</span> <span class='ocrx_word' id='word_1_85' title='bbox 951 1482 1035 1572; x_wconf 87' lang='lat' dir='ltr'>(tgy)</span> <span class='ocrx_word' id='word_1_86' title='bbox 1052 1488 1168 1570; x_wconf 88' lang='lat' dir='ltr'>Petro,</span> <span class='ocrx_word' id='word_1_87' title='bbox 1196 1491 1228 1548; x_wconf 89' lang='lat' dir='ltr'>et</span> <span class='ocrx_word' id='word_1_88' title='bbox 1244 1505 1301 1570; x_wconf 91' lang='lat' dir='ltr'>per</span> <span class='ocrx_word' id='word_1_89' title='bbox 1327 1504 1401 1552; x_wconf 92' lang='lat' dir='ltr'>eum</span> <span class='ocrx_word' id='word_1_90' title='bbox 1418 1484 1481 1548; x_wconf 90' lang='lat' dir='ltr'>suis</span> 
     </span>
     <span class='ocr_line' id='line_1_12' title="bbox 362 1591 1481 1679; baseline -0.001 -19"><span class='ocrx_word' id='word_1_91' title='bbox 362 1591 552 1678; x_wconf 86' lang='lat' dir='ltr'>heredibus,</span> <span class='ocrx_word' id='word_1_92' title='bbox 563 1592 785 1676; x_wconf 79' lang='lat' dir='ltr'>heredumque</span> <span class='ocrx_word' id='word_1_93' title='bbox 796 1613 927 1660; x_wconf 91' lang='lat' dir='ltr'>suorum</span> <span class='ocrx_word' id='word_1_94' title='bbox 943 1595 1194 1679; x_wconf 78' lang='lat' dir='ltr'>suecessoribus,</span> <span class='ocrx_word' id='word_1_95' title='bbox 1213 1595 1284 1660; x_wconf 90' lang='lat' dir='ltr'>sine</span> <span class='ocrx_word' id='word_1_96' title='bbox 1300 1593 1481 1679; x_wconf 89' lang='lat' dir='ltr'>preiudioio</span> 
     </span>
     <span class='ocr_line' id='line_1_13' title="bbox 363 1699 1482 1784; baseline -0.002 -16"><span class='ocrx_word' id='word_1_97' title='bbox 363 1711 473 1768; x_wconf 79' lang='lat' dir='ltr'>tomen</span> <span class='ocrx_word' id='word_1_98' title='bbox 489 1699 569 1766; x_wconf 87' lang='lat' dir='ltr'>iuris</span> <span class='ocrx_word' id='word_1_99' title='bbox 586 1701 706 1784; x_wconf 84' lang='lat' dir='ltr'>alieni,</span> <span class='ocrx_word' id='word_1_100' title='bbox 734 1702 794 1768; x_wconf 90' lang='lat' dir='ltr'>sub</span> <span class='ocrx_word' id='word_1_101' title='bbox 812 1702 936 1770; x_wconf 91' lang='lat' dir='ltr'>eisdem</span> <span class='ocrx_word' id='word_1_102' title='bbox 952 1703 1047 1768; x_wconf 90' lang='lat' dir='ltr'>metis</span> <span class='ocrx_word' id='word_1_103' title='bbox 1064 1708 1096 1768; x_wconf 88' lang='lat' dir='ltr'>et</span> <span class='ocrx_word' id='word_1_104' title='bbox 1111 1703 1271 1783; x_wconf 88' lang='lat' dir='ltr'>terminis,</span> <span class='ocrx_word' id='word_1_105' title='bbox 1296 1701 1416 1784; x_wconf 88' lang='lat' dir='ltr'>quibus</span> <span class='ocrx_word' id='word_1_106' title='bbox 1433 1721 1482 1768; x_wconf 81' lang='lat' dir='ltr'>eu·</span> 
     </span>
     <span class='ocr_line' id='line_1_14' title="bbox 365 1809 1483 1898; baseline -0.004 -22"><span class='ocrx_word' id='word_1_107' title='bbox 365 1811 438 1878; x_wconf 88' lang='lat' dir='ltr'>dem</span> <span class='ocrx_word' id='word_1_108' title='bbox 454 1817 542 1878; x_wconf 81' lang='lat' dir='ltr'>terre</span> <span class='ocrx_word' id='word_1_109' title='bbox 552 1809 676 1898; x_wconf 87' lang='lat' dir='ltr'>Semky</span> <span class='ocrx_word' id='word_1_110' title='bbox 686 1829 744 1894; x_wconf 92' lang='lat' dir='ltr'>per</span> <span class='ocrx_word' id='word_1_111' title='bbox 760 1812 851 1895; x_wconf 89' lang='lat' dir='ltr'>ipsos</span> <span class='ocrx_word' id='word_1_112' title='bbox 862 1821 1046 1878; x_wconf 82' lang='lat' dir='ltr'>osstrenses</span> <span class='ocrx_word' id='word_1_113' title='bbox 1059 1812 1201 1878; x_wconf 82' lang='lat' dir='ltr'>limitata</span> <span class='ocrx_word' id='word_1_114' title='bbox 1212 1811 1317 1877; x_wconf 88' lang='lat' dir='ltr'>extitit</span> <span class='ocrx_word' id='word_1_115' title='bbox 1326 1828 1483 1896; x_wconf 84' lang='lat' dir='ltr'>possesse</span> 
     </span>
     <span class='ocr_line' id='line_1_15' title="bbox 363 1915 1482 2009; baseline 0.003 -23"><span class='ocrx_word' id='word_1_116' title='bbox 363 1920 453 1986; x_wconf 88' lang='lat' dir='ltr'>inere</span> <span class='ocrx_word' id='word_1_117' title='bbox 469 1915 555 2006; x_wconf 86' lang='lat' dir='ltr'>(lgy)</span> <span class='ocrx_word' id='word_1_118' title='bbox 571 1927 730 2005; x_wconf 86' lang='lat' dir='ltr'>perpetuo</span> <span class='ocrx_word' id='word_1_119' title='bbox 746 1928 779 1988; x_wconf 89' lang='lat' dir='ltr'>et</span> <span class='ocrx_word' id='word_1_120' title='bbox 795 1920 1053 1988; x_wconf 85' lang='lat' dir='ltr'>irreuoeabiliter</span> <span class='ocrx_word' id='word_1_121' title='bbox 1068 1921 1313 2009; x_wconf 85' lang='lat' dir='ltr'>possidendam.</span> <span class='ocrx_word' id='word_1_122' title='bbox 1338 1921 1378 1986; x_wconf 91' lang='lat' dir='ltr'>In</span> <span class='ocrx_word' id='word_1_123' title='bbox 1394 1920 1482 1989; x_wconf 90' lang='lat' dir='ltr'>euius</span> 
     </span>
     <span class='ocr_line' id='line_1_16' title="bbox 364 2027 1482 2115; baseline 0.001 -21"><span class='ocrx_word' id='word_1_124' title='bbox 364 2029 413 2098; x_wconf 90' lang='lat' dir='ltr'>rei</span> <span class='ocrx_word' id='word_1_125' title='bbox 429 2027 617 2096; x_wconf 81' lang='lat' dir='ltr'>memoriam</span> <span class='ocrx_word' id='word_1_126' title='bbox 644 2027 893 2112; x_wconf 80' lang='lat' dir='ltr'>firmitatemque</span> <span class='ocrx_word' id='word_1_127' title='bbox 919 2039 1109 2115; x_wconf 82' lang='lat' dir='ltr'>perpetuam</span> <span class='ocrx_word' id='word_1_128' title='bbox 1134 2036 1303 2114; x_wconf 78' lang='lat' dir='ltr'>presentes</span> <span class='ocrx_word' id='word_1_129' title='bbox 1323 2032 1482 2097; x_wconf 88' lang='lat' dir='ltr'>eoneessi-</span> 
     </span>
     <span class='ocr_line' id='line_1_17' title="bbox 364 2136 1481 2223; baseline 0.004 -21"><span class='ocrx_word' id='word_1_130' title='bbox 364 2157 435 2204; x_wconf 91' lang='lat' dir='ltr'>mus</span> <span class='ocrx_word' id='word_1_131' title='bbox 451 2137 580 2204; x_wconf 86' lang='lat' dir='ltr'>litteras</span> <span class='ocrx_word' id='word_1_132' title='bbox 597 2136 763 2223; x_wconf 89' lang='lat' dir='ltr'>dupplieis</span> <span class='ocrx_word' id='word_1_133' title='bbox 783 2138 883 2221; x_wconf 87' lang='lat' dir='ltr'>sigilli</span> <span class='ocrx_word' id='word_1_134' title='bbox 901 2140 1005 2206; x_wconf 89' lang='lat' dir='ltr'>nostri</span> <span class='ocrx_word' id='word_1_135' title='bbox 1021 2140 1197 2206; x_wconf 91' lang='lat' dir='ltr'>munimine</span> <span class='ocrx_word' id='word_1_136' title='bbox 1217 2138 1400 2207; x_wconf 85' lang='lat' dir='ltr'>roboratas.</span> <span class='ocrx_word' id='word_1_137' title='bbox 1419 2143 1481 2207; x_wconf 84' lang='lat' dir='ltr'>Da·</span> 
     </span>
     <span class='ocr_line' id='line_1_18' title="bbox 365 2247 1482 2334; baseline -0.001 -19"><span class='ocrx_word' id='word_1_138' title='bbox 365 2254 433 2318; x_wconf 89' lang='lat' dir='ltr'>tum</span> <span class='ocrx_word' id='word_1_139' title='bbox 449 2265 509 2332; x_wconf 89' lang='lat' dir='ltr'>per</span> <span class='ocrx_word' id='word_1_140' title='bbox 528 2265 643 2314; x_wconf 88' lang='lat' dir='ltr'>manus</span> <span class='ocrx_word' id='word_1_141' title='bbox 668 2248 815 2334; x_wconf 86' lang='lat' dir='ltr'>religiosi</span> <span class='ocrx_word' id='word_1_142' title='bbox 833 2257 866 2316; x_wconf 90' lang='lat' dir='ltr'>et</span> <span class='ocrx_word' id='word_1_143' title='bbox 882 2249 1014 2316; x_wconf 88' lang='lat' dir='ltr'>disereti</span> <span class='ocrx_word' id='word_1_144' title='bbox 1030 2249 1093 2316; x_wconf 89' lang='lat' dir='ltr'>viri</span> <span class='ocrx_word' id='word_1_145' title='bbox 1119 2247 1160 2314; x_wconf 88' lang='lat' dir='ltr'>de</span> <span class='ocrx_word' id='word_1_146' title='bbox 1187 2248 1300 2315; x_wconf 87' lang='lat' dir='ltr'>ordine</span> <span class='ocrx_word' id='word_1_147' title='bbox 1325 2249 1482 2315; x_wconf 81' lang='lat' dir='ltr'>Minorum</span> 
     </span>
     <span class='ocr_line' id='line_1_19' title="bbox 366 2355 1481 2445; baseline 0.005 -25"><span class='ocrx_word' id='word_1_148' title='bbox 366 2374 406 2421; x_wconf 83' lang='lat' dir='ltr'>ae</span> <span class='ocrx_word' id='word_1_149' title='bbox 421 2357 619 2424; x_wconf 81' lang='lat' dir='ltr'>venerabilis</span> <span class='ocrx_word' id='word_1_150' title='bbox 636 2355 739 2443; x_wconf 85' lang='lat' dir='ltr'>petris</span> <span class='ocrx_word' id='word_1_151' title='bbox 756 2358 879 2424; x_wconf 92' lang='lat' dir='ltr'>domini</span> <span class='ocrx_word' id='word_1_152' title='bbox 896 2359 1026 2424; x_wconf 86' lang='lat' dir='ltr'>Annoni</span> <span class='ocrx_word' id='word_1_153' title='bbox 1040 2359 1103 2424; x_wconf 91' lang='lat' dir='ltr'>Dei</span> <span class='ocrx_word' id='word_1_154' title='bbox 1120 2359 1236 2443; x_wconf 83' lang='lat' dir='ltr'>grsois</span> <span class='ocrx_word' id='word_1_155' title='bbox 1253 2357 1411 2445; x_wconf 79' lang='lat' dir='ltr'>Episeopi</span> <span class='ocrx_word' id='word_1_156' title='bbox 1427 2361 1481 2426; x_wconf 81' lang='lat' dir='ltr'>Ile·</span> 
     </span>
     <span class='ocr_line' id='line_1_20' title="bbox 367 2464 1482 2550; baseline 0.003 -20"><span class='ocrx_word' id='word_1_157' title='bbox 367 2466 467 2533; x_wconf 89' lang='lat' dir='ltr'>elesie</span> <span class='ocrx_word' id='word_1_158' title='bbox 488 2464 728 2534; x_wconf 82' lang='lat' dir='ltr'>Chenediensis</span> <span class='ocrx_word' id='word_1_159' title='bbox 755 2467 829 2534; x_wconf 81' lang='lat' dir='ltr'>sule</span> <span class='ocrx_word' id='word_1_160' title='bbox 853 2472 965 2534; x_wconf 88' lang='lat' dir='ltr'>nostre</span> <span class='ocrx_word' id='word_1_161' title='bbox 992 2465 1307 2550; x_wconf 76' lang='lat' dir='ltr'>Vise-Oanoellarij‚</span> <span class='ocrx_word' id='word_1_162' title='bbox 1325 2465 1437 2532; x_wconf 90' lang='lat' dir='ltr'>dileeti</span> <span class='ocrx_word' id='word_1_163' title='bbox 1453 2474 1482 2534; x_wconf 89' lang='lat' dir='ltr'>et</span> 
     </span>
     <span class='ocr_line' id='line_1_21' title="bbox 366 2571 1481 2658; baseline 0 -20"><span class='ocrx_word' id='word_1_164' title='bbox 366 2571 472 2640; x_wconf 87' lang='lat' dir='ltr'>fidelis</span> <span class='ocrx_word' id='word_1_165' title='bbox 488 2574 602 2654; x_wconf 88' lang='lat' dir='ltr'>nostri,</span> <span class='ocrx_word' id='word_1_166' title='bbox 628 2595 713 2642; x_wconf 83' lang='lat' dir='ltr'>anno</span> <span class='ocrx_word' id='word_1_167' title='bbox 729 2574 861 2644; x_wconf 90' lang='lat' dir='ltr'>Domini</span> <span class='ocrx_word' id='word_1_168' title='bbox 885 2578 934 2642; x_wconf 77' lang='lat' dir='ltr'>Mo</span> <span class='ocrx_word' id='word_1_169' title='bbox 959 2573 1029 2642; x_wconf 78' lang='lat'>00⁰</span> <span class='ocrx_word' id='word_1_170' title='bbox 1052 2574 1267 2658; x_wconf 84' lang='lat' dir='ltr'>nonogesimo</span> <span class='ocrx_word' id='word_1_171' title='bbox 1285 2581 1412 2658; x_wconf 81' lang='lat' dir='ltr'>ootuuo,</span> <span class='ocrx_word' id='word_1_172' title='bbox 1437 2593 1481 2640; x_wconf 91' lang='lat' dir='ltr'>se·</span> 
     </span>
     <span class='ocr_line' id='line_1_22' title="bbox 367 2681 1394 2769; baseline 0.002 -21"><span class='ocrx_word' id='word_1_173' title='bbox 367 2681 468 2768; x_wconf 90' lang='lat' dir='ltr'>ptimo</span> <span class='ocrx_word' id='word_1_174' title='bbox 485 2681 647 2750; x_wconf 80' lang='lat' dir='ltr'>kalendas</span> <span class='ocrx_word' id='word_1_175' title='bbox 664 2684 815 2769; x_wconf 81' lang='lat' dir='ltr'>Augusti,</span> <span class='ocrx_word' id='word_1_176' title='bbox 831 2684 932 2766; x_wconf 80' lang='lat' dir='ltr'>Regni</span> <span class='ocrx_word' id='word_1_177' title='bbox 952 2691 1059 2750; x_wconf 82' lang='lat' dir='ltr'>sutem</span> <span class='ocrx_word' id='word_1_178' title='bbox 1075 2683 1178 2749; x_wconf 89' lang='lat' dir='ltr'>nostri</span> <span class='ocrx_word' id='word_1_179' title='bbox 1195 2703 1282 2749; x_wconf 83' lang='lat' dir='ltr'>enno</span> <span class='ocrx_word' id='word_1_180' title='bbox 1298 2703 1394 2750; x_wconf 92' lang='lat' dir='ltr'>norro.</span> 
     </span>
    </p>
   </div>
   <div class='ocr_carea' id='block_1_3' title="bbox 367 2873 1479 3040">
    <p class='ocr_par' dir='ltr' id='par_1_3' title="bbox 367 2873 1479 3040">
     <span class='ocr_line' id='line_1_23' title="bbox 368 2873 1479 2954; baseline 0.003 -23"><span class='ocrx_word' id='word_1_181' title='bbox 368 2873 513 2948; x_wconf 75' lang='lat' dir='ltr'>(Hdrtysn</span> <span class='ocrx_word' id='word_1_182' title='bbox 526 2877 697 2950; x_wconf 78' lang='lat' dir='ltr'>gyo&#39;nydriln</span> <span class='ocrx_word' id='word_1_183' title='bbox 719 2879 793 2936; x_wconf 81' lang='lat' dir='ltr'>irre.</span> <span class='ocrx_word' id='word_1_184' title='bbox 806 2879 988 2954; x_wconf 77' lang='lat' dir='ltr'>Vltre&#39;ssdrge</span> <span class='ocrx_word' id='word_1_185' title='bbox 1012 2879 1170 2951; x_wconf 82' lang='lat' dir='ltr'>selymens</span> <span class='ocrx_word' id='word_1_186' title='bbox 1189 2877 1419 2950; x_wconf 75' lang='lat' dir='ltr'>peese&#39;ttiiredelr.</span> <span class='ocrx_word' id='word_1_187' title='bbox 1432 2879 1479 2934; x_wconf 93' lang='lat' dir='ltr'>Po·</span> 
     </span>
     <span class='ocr_line' id='line_1_24' title="bbox 367 2965 1479 3040; baseline 0.002 -20"><span class='ocrx_word' id='word_1_188' title='bbox 367 2965 611 3039; x_wconf 72' lang='lat' dir='ltr'>usonylrdptalani</span> <span class='ocrx_word' id='word_1_189' title='bbox 634 2968 771 3039; x_wconf 75' lang='lat' dir='ltr'>orszdgos</span> <span class='ocrx_word' id='word_1_190' title='bbox 793 2967 925 3026; x_wconf 72' lang='lat' dir='ltr'>leveltdr.</span> <span class='ocrx_word' id='word_1_191' title='bbox 948 2969 1046 3040; x_wconf 76' lang='lat' dir='ltr'>Capsa</span> <span class='ocrx_word' id='word_1_192' title='bbox 1058 2969 1094 3024; x_wconf 88' lang='lat' dir='ltr'>X.</span> <span class='ocrx_word' id='word_1_193' title='bbox 1106 2969 1191 3027; x_wconf 76' lang='lat' dir='ltr'>Fuso.</span> <span class='ocrx_word' id='word_1_194' title='bbox 1207 2970 1229 3022; x_wconf 89' lang='lat'>1.</span> <span class='ocrx_word' id='word_1_195' title='bbox 1245 2970 1312 3026; x_wconf 88' lang='lat' dir='ltr'>Nro.</span> <span class='ocrx_word' id='word_1_196' title='bbox 1326 2971 1351 3024; x_wconf 80' lang='lat'>2.</span> <span class='ocrx_word' id='word_1_197' title='bbox 1371 2969 1479 3038; x_wconf 68' lang='lat' dir='ltr'>Kaous.)</span> 
     </span>
    </p>
   </div>
   <div class='ocr_carea' id='block_1_4' title="bbox 813 3277 1043 3291">
    <p class='ocr_par' dir='ltr' id='par_1_4' title="bbox 813 3277 1043 3291">
     <span class='ocr_line' id='line_1_25' title="bbox 813 3277 1043 3291; baseline 0 -1"><span class='ocrx_word' id='word_1_198' title='bbox 813 3277 1043 3291; x_wconf 55' lang='grc' dir='ltr'>Ἢ</span> 
     </span>
    </p>
   </div>
   <div class='ocr_carea' id='block_1_5' title="bbox 0 0 1600 5236">
    <p class='ocr_par' dir='ltr' id='par_1_5' title="bbox 0 0 1600 5236">
     <span class='ocr_line' id='line_1_26' title="bbox 0 0 1600 5236; baseline 0 0"><span class='ocrx_word' id='word_1_199' title='bbox 0 0 1600 5236; x_wconf 95' lang='lat' dir='ltr'> </span> 
     </span>
    </p>
   </div>
  </div>
 </body>
</html>
