3188 5238
152 1139 252 1206 Nona
277 1144 435 1208 odroeuuk
460 1165 644 1230 uqyooozou
679 1143 893 1230 epyezkcdc‘are
917 1144 1088 1207 vouattozd
1115 1143 1276 1229 kezessepe.

670 1252 767 1318 1294.

265 1468 302 1533 ln
320 1467 440 1534 Christi
456 1468 586 1532 nomine
603 1468 719 1534 Amen.
736 1467 832 1534 Anno
849 1467 1097 1535 Incarnaoionis
1109 1469 1181 1553 ejus
1199 1469 1272 1536 mil·

149 1574 270 1642 lesimo
287 1575 511 1642 ducentesimo
527 1576 743 1661 nonagesimo
761 1585 894 1659 quarto,
913 1575 1102 1642 indiccione
1119 1575 1201 1661 VII,
1219 1577 1274 1645 die

149 1685 246 1750 Lune
263 1683 389 1750 XXIX.
407 1685 530 1749 Marcii.
557 1683 717 1752 Providus
734 1685 785 1750 vir
799 1683 926 1770 Bugins
953 1684 1088 1772 Georgii
1115 1687 1273 1774 syndicus

149 1799 184 1858 et
201 1799 393 1877 procurator
409 1792 528 1860 nobilis
545 1794 607 1861 viri
623 1791 747 1859 domini
761 1792 888 1860 Volzite
900 1791 1095 1875 Potestatis,
1112 1793 1271 1880 llliligosti

148 1901 339 1967 Saluonerii
355 1908 387 1966 et
412 1900 529 1970 Jacobi
546 1901 657 1985 Drage
673 1899 839 1983 Judieum,
857 1907 890 1968 et
907 1901 1050 1970 Drusine
1066 1903 1216 1985 loannis,
1234 1922 1273 1970 ac

149 2009 295 2075 Tolislai
310 2009 457 2077 Bndislai
475 2010 736 2080 Camerariorum
748 2010 886 2077 Consilii
904 2018 937 2076 et
954 2008 1204 2077 GommnnitaIIs
1221 2011 1272 2078 Gi·

147 2118 267 2186 vitatis
284 2120 388 2199 Neue,
406 2119 446 2182 ad
464 2117 882 2204 infrascripta·specia1iter
901 2119 1116 2201 constitutus,
1143 2125 1178 2184 ut
1197 2139 1273 2187 con·

146 2227 272 2293 tinetur
287 2227 321 2293 in
345 2226 560 2294 instrumento
587 2227 783 2314 syndieatus
812 2227 900 2292 facto
922 2246 1008 2293 anno
1034 2227 1206 2294 Dominice
1221 2229 1272 2295 In·

149 2335 360 2401 carnationis
377 2335 552 2403 millesimo
579 2315 805 2403 ducentesimo
822 2337 1038 2420 nonagesimo
1054 2342 1191 2419 quarto,
1218 2337 1272 2402 In-

150 2441 302 2510 diocione
320 2444 402 2528 vll,
419 2444 472 2512 die
487 2443 595 2509 XXX.
614 2449 754 2509 exeunte
770 2442 913 2526 Marcio,
939 2449 972 2509 ct
988 2443 1111 2527 scripto
1127 2463 1187 2530 per
1203 2465 1270 2512 ma·

146 2571 229 2618 num
245 2553 335 2618 Petri
350 2553 514 2620 Nouensis
532 2551 674 2635 NotarIi,
689 2571 709 2616 a
726 2570 779 2618 me
798 2552 939 2633 Antonio
950 2551 1068 2621 Jndiee
1083 2561 1116 2619 et
1133 2555 1269 2621 Notario

146 2658 361 2746 infrascripto
379 2662 449 2728 viso
476 2669 510 2728 et
523 2663 630 2744 lecto,
657 2660 789 2727 nomine
815 2666 848 2726 et
865 2661 936 2726 vioe
963 2661 1125 2728 dietomm
1140 2662 1271 2729 Domini

146 2770 331 2838 Potestatis
341 2819 350 2852 ,
369 2769 505 2838 consilii
522 2776 554 2836 ct
570 2769 822 2837 communitatis
838 2769 934 2836 Nono
944 2818 953 2854 ,
980 2776 1013 2836 et
1028 2789 1088 2855 pro
1105 2769 1186 2854 ipsis
1203 2789 1269 2836 om-

145 2879 247 2948 nibus
264 2881 402 2947 solemni
427 2879 647 2966 stipulacione
671 2878 820 2962 promisit
836 2898 872 2946 se
900 2879 1060 2947 iacturum
1083 2887 1116 2945 et
1141 2884 1269 2946 curatu-

149 3009 223 3055 rum
236 2989 323 3055 omni
341 2990 539 3074 excepcione
565 2994 598 3054 et
615 2987 789 3054 occasione
805 2986 955 3069 remotis,
980 2987 1068 3071 quod
1083 2985 1203 3054 nobilis
1220 2987 1270 3055 vir

147 3098 302 3165 dominus
329 3097 488 3178 Georgius
515 3097 632 3164 Gomes
656 3097 886 3165 Barberiensis
911 3104 979 3164 tam
1005 3114 1065 3163 suo
1081 3097 1211 3162 nomine
1236 3101 1270 3161 et

147 3225 281 3275 suornm
292 3205 470 3290 bominum,
487 3225 585 3290 qnam
598 3205 766 3272 bominum
783 3210 817 3270 et
828 3205 1016 3273 Communis
1026 3202 1165 3291 Almisii‚
1177 3202 1269 3270 firma

148 3321 184 3381 et
199 3321 275 3382 rata
291 3314 429 3381 habebit
445 3322 478 3380 et
493 3316 628 3398 tenebit,
647 3312 838 3382 observabit
855 3319 888 3378 et
898 3311 1094 3397 adimplebit
1110 3313 1221 3389 omniu,
1236 3317 1269 3380 et

147 3423 284 3508 singula
300 3428 399 3508 pacta
427 3423 511 3489 inita
528 3431 559 3488 et
575 3424 703 3490 firmata
732 3422 773 3488 de
794 3429 933 3507 treugua
959 3427 991 3487 et
1009 3440 1106 3508 snper
1132 3427 1268 3507 treugna

150 3531 280 3598 Almisii
298 3532 477 3616 peripsum
505 3529 663 3597 Comitem
679 3530 872 3615 Georgium,
897 3535 932 3595 ut
952 3529 1179 3616 supradictum
1205 3537 1268 3616 est,

151 3661 227 3708 cum
244 3639 376 3725 egregio
399 3639 469 3706 viro
485 3639 616 3707 domino
642 3640 784 3723 Rogerio
810 3642 1006 3708 Mauroceno
1031 3639 1190 3708 Jadrensi
1205 3642 1267 3710 Go-

148 3750 228 3816 mite
253 3749 434 3831 recipiente
459 3754 491 3812 et
521 3749 702 3834 stipulante
726 3749 800 3818 viee
830 3755 864 3814 et
887 3751 1018 3816 nomine
1042 3748 1183 3815 illustris
1215 3747 1268 3817 dc

148 3857 230 3924 mini
256 3855 359 3922 Ducis
387 3857 625 3941 veneciarum,
651 3859 838 3926 Gommnnis
865 3865 897 3924 et
922 3857 1087 3926 hominnm
1114 3854 1266 3927 Ginitati's

150 3964 319 4051 ejusdem,
343 3985 404 4030 nec
420 3985 484 4030 non
502 3973 533 4032 et
546 3968 789 4053 habitatorum,
806 3966 971 4050 fidelium,
996 3963 1215 4047 subjectorum
1233 3974 1266 4033 et

151 4073 402 4141 districtuslium
418 4091 566 4158 suorum,
594 4074 738 4160 scriptas
755 4079 788 4142 et
803 4076 928 4160 scripte
943 4093 1003 4160 per
1018 4092 1070 4139 me
1090 4074 1263 4142 Antonium

149 4183 315 4267 qnondam
324 4179 521 4249 Rolanduzii
535 4181 577 4248 de
593 4182 742 4252 Bononia
759 4183 925 4269 Imperiali
942 4190 974 4250 et
989 4179 1191 4250 Preieotoria
1206 4202 1264 4250 au·

148 4291 301 4361 ctoritate
325 4288 475 4360 Judioem
493 4297 527 4358 et
542 4292 721 4376 Notarium,
737 4311 824 4360 anno
842 4300 874 4358 et
890 4290 1079 4360 indiccione
1093 4291 1262 4380 predictis,

146 4401 201 4470 die
216 4398 388 4466 Dominico
404 4397 562 4468 XXVIII.
578 4401 713 4487 Marcii,
742 4406 776 4468 et
792 4399 899 4468 eidem
922 4400 1028 4488 Bugio
1054 4400 1191 4488 syndico
1206 4421 1260 4470 ss-

37 4549 42 4556 ·
143 4510 231 4578 riose
247 4516 280 4577 et
304 4509 519 4594 singulariter
534 4527 574 4578 ac
589 4510 806 4594 integraliter,
823 4526 884 4596 per
900 4527 951 4574 me
962 4508 1035 4595 Jam
1059 4508 1180 4578 dictum
1194 4509 1260 4581 An·

142 4616 267 4687 tonium
282 4617 455 4686 Notarium
475 4620 563 4686 lecta
578 4625 611 4685 et
626 4620 749 4702 lectas,
767 4623 801 4685 et
816 4637 882 4686 non
902 4615 1122 4688 conuefaoier
1135 4620 1189 4688 vel
1204 4637 1260 4687 ve·
