3188 5238
585 335 738 432 Q

101 537 131 597 et
145 530 318 615 adimpleri
334 531 466 614 lacere,
492 531 603 598 omnia
619 538 651 596 et
668 530 801 616 singula
816 530 1042 616 suprascripta
1059 535 1091 598 ct
1107 529 1209 612 quod-

101 638 179 704 libet
196 657 318 721 ecrum,
336 647 368 707 et
383 659 446 706 non
476 646 590 707 contra
606 637 718 704 facere
733 639 787 704 vel
805 637 916 704 venire
932 646 1046 708 contra
1060 637 1210 724 predicte

102 750 151 812 vel
167 747 300 828 aliquod
315 748 538 834 predictorum
562 765 694 833 perse,
711 747 765 811 vel
782 745 901 823 alium,
926 748 980 812 vel
997 746 1082 812 alios
1099 744 1212 828 aliqua

100 855 242 937 racione,
259 856 404 940 ingenio,
421 857 491 922 sive
508 875 627 936 causa,
655 854 715 920 sub
733 870 820 938 pena
835 853 991 920 librarum
1009 851 1125 937 viginti
1141 853 1212 919 mil·

99 963 172 1028 lium
189 963 397 1031 denariorum
415 965 613 1032 Venetorum
630 980 806 1046 parvorum
817 959 979 1044 solempni
995 962 1213 1045 stipulacione

98 1073 269 1156 promissa.
288 1075 392 1142 Versa
408 1076 480 1140 vioe
496 1072 664 1156 predictus
681 1069 831 1137 dominus
843 1068 1007 1154 Rogerius
1017 1072 1214 1135 Manroeeno

100 1180 213 1247 eomes
229 1182 332 1249 Jadre
357 1183 489 1251 nomine
506 1189 538 1249 et
563 1181 636 1249 vice
653 1177 733 1247 dicti
757 1179 881 1245 domini
896 1175 999 1244 Ducis
1025 1177 1215 1244 Communis

100 1300 128 1354 et
146 1290 311 1356 hominum
328 1291 564 1371 veneciarum,
591 1290 809 1355 habitatorum
826 1295 858 1353 et
882 1286 1118 1372 saneotorum,
1135 1285 1213 1354 lide·

99 1395 173 1460 lium
190 1418 231 1462 ac
249 1399 498 1467 districtualium
516 1419 648 1465 suorum
663 1398 811 1480 nuncius,
836 1399 994 1484 syndicus
1013 1405 1046 1462 et
1062 1416 1214 1484 procura-

102 1511 150 1570 tor
165 1507 320 1591 specialis
337 1508 478 1575 illustris
504 1507 627 1575 domini
642 1507 734 1574 Petri
750 1506 929 1574 Gredonici
944 1507 1007 1572 Dei
1023 1506 1137 1593 gracia
1153 1505 1213 1570 Vc·

100 1615 264 1681 neniarum
281 1622 344 1682 etc.
360 1617 464 1683 Ducis
481 1623 543 1683 etc.
562 1616 607 1682 ad
624 1614 897 1700 suprascriptaet
912 1614 1124 1701 infrascripta
1140 1633 1212 1700 spe-

103 1722 228 1786 cialiter
254 1725 469 1805 coustitutus,
496 1731 532 1790 ut
549 1724 733 1789 continetur
749 1722 782 1787 in
808 1723 1037 1790 commissione
1063 1723 1143 1788 dicti
1161 1723 1216 1789 do·

100 1830 174 1894 mini
190 1831 293 1898 Ducis
310 1831 398 1897 facta
415 1851 501 1896 anno
518 1830 765 1898 Inoarnacionis
781 1831 953 1899 Dominice
969 1833 1143 1898 millesimo
1160 1830 1215 1895 du·

101 1940 279 2004 centesimo
297 1940 509 2022 nonagesimo
526 1939 625 2002 tercio
642 1938 923 2023 IndiccioneVII.‚
939 1939 992 2005 die
1004 1939 1111 2006 XXX.
1128 1955 1217 2004 men·

101 2046 144 2110 sis
159 2047 372 2124 Decembris,
398 2060 485 2112 a‘me
502 2045 644 2113 Antonio
661 2043 779 2114 Judice
801 2052 834 2114 et
849 2048 987 2114 Notario
1004 2048 1216 2132 infrascripto

100 2153 169 2218 visa
185 2159 219 2218 et
237 2152 340 2236 lecta,
365 2151 480 2238 inivit,
499 2150 578 2217 fecit
595 2162 627 2218 et
643 2152 786 2220 firmavit
801 2174 917 2239 puram
934 2161 965 2218 et
985 2154 1110 2220 firmam
1128 2162 1216 2218 treu-

101 2282 171 2345 gam
186 2277 293 2341 usque
310 2259 353 2325 ad
370 2260 485 2326 decem
502 2277 608 2327 annos
625 2261 792 2343 proximos
808 2267 1058 2329 manutenturos
1075 2281 1147 2328 eum
1165 2281 1217 2328 su-

101 2368 283 2454 prascripto
300 2366 430 2433 dominc
460 2365 605 2450 Georgia
623 2367 804 2452 recipiente
829 2376 862 2434 et
879 2369 1057 2454 stipulante
1073 2377 1139 2436 tam
1158 2387 1216 2435 suo

103 2487 133 2542 et
147 2495 279 2541 suoru-m
296 2477 426 2542 nomine
436 2529 445 2562 ‚
464 2495 561 2560 mam
578 2466 710 2541 nomine
730 2477 896 2544 hominum
914 2484 946 2541 et
962 2478 1146 2545 Communis
1163 2477 1218 2542 Al·

102 2583 195 2667 misii,
212 2585 428 2671 promittens,
453 2584 540 2667 quod
556 2583 724 2668 pradictus
741 2583 891 2652 dominus
911 2585 986 2650 Dux
1001 2605 1060 2671 per
1076 2605 1132 2672 sc,
1160 2605 1218 2652 seu

103 2714 159 2778 per
174 2694 352 2762 Commune
369 2700 401 2758 et
418 2691 567 2760 homines
584 2692 826 2779 Veneciarum,
852 2689 1080 2778 habitatores,
1103 2693 1217 2761 fideles

104 2812 134 2870 et
148 2803 391 2882 distrietnales,
417 2821 477 2870 seu
502 2801 650 2868 subditos
674 2822 833 2870 euoenon
851 2802 1005 2889 offendet,
1021 2823 1082 2872 seu
1098 2804 1219 2870 offendi

103 2911 213 2998 faciet,
231 2929 291 2976 neo
306 2909 428 2978 otiandi
452 2909 619 2995 permittet
634 2910 669 2976 in
685 2910 836 2994 personis
853 2911 907 2978 vel
922 2911 1019 2978 rebus
1038 2911 1219 2998 predictum
1319 2923 1323 2935 ·

104 3018 263 3084 dominum
288 3018 446 3086 comitem
473 3018 659 3104 Georgium,
677 3037 738 3086 neo
755 3015 932 3084 Commune
948 3025 981 3082 et
997 3018 1145 3085 homines
1161 3039 1218 3086 eos

104 3129 286 3209 ubicunque
300 3127 506 3208 existentes,
523 3127 583 3192 sed
599 3145 657 3194 eus
674 3145 786 3192 omnes
803 3131 836 3192 et
852 3125 997 3208 singulos
1017 3129 1050 3190 in
1066 3129 1217 3210 personis
1270 3132 1273 3140 ’

104 3243 134 3300 et
149 3236 248 3302 rebus
265 3237 383 3304 tamin
401 3237 503 3318 mari,
530 3254 630 3319 quam
645 3235 678 3301 in
705 3245 792 3300 terra
809 3234 940 3300 Almisii
958 3235 1090 3302 habebit
1107 3238 1220 3306 salvos

105 3351 136 3408 et
149 3363 294 3412 securos.
321 3345 361 3408 itt
384 3343 420 3408 in
437 3345 550 3411 horum
567 3343 665 3410 fidem
684 3351 717 3408 et
732 3341 936 3408 evidenciam
953 3344 1131 3426 pleniorem
1148 3365 1221 3428 pre·

104 3452 208 3522 dictus
225 3451 376 3520 dominus
387 3452 504 3519 Comes
522 3452 684 3536 Georgius
701 3469 838 3535 presens
850 3451 1014 3534 publicum
1029 3452 1220 3520 instrumen-

104 3565 166 3628 tum
184 3581 246 3628 sua
263 3561 352 3628 bulla
369 3577 426 3626 seu
452 3560 563 3644 sigillo
580 3558 744 3645 pendente
761 3577 857 3626 cereo
882 3560 1070 3625 communiri
1086 3562 1221 3628 manda-

104 3669 157 3736 rit.
174 3670 217 3736 nt
241 3670 376 3758 insuper
400 3669 524 3736 domini
549 3667 688 3754 Egidius
709 3666 815 3736 ludex
826 3717 834 3752 ,
853 3675 886 3734 et
901 3669 1066 3734 Leucatas
1090 3669 1221 3740 Andree

106 3776 191 3842 cives
208 3778 432 3862 Spalatenses,
450 3778 579 3864 syndici
596 3783 628 3842 et
644 3784 875 3860 procuratores
887 3779 1007 3846 nobilis
1025 3779 1085 3843 viri
1099 3779 1223 3845 domini

105 3884 319 3971 stephanide
335 3885 473 3952 Tadinis
490 3887 531 3952 de
549 3889 693 3968 Ancona,
715 3887 904 3968 Potestatis,
921 3887 1056 3954 Consilii
1072 3895 1106 3951 et
1123 3885 1220 3951 (icm-

106 3996 210 4063 munis
242 4001 275 4060 et
300 3994 467 4060 hominum
492 3994 623 4082 Spoleti
648 3994 693 4060 ad
714 3993 923 4079 infrascripta
939 3994 1127 4078 specialiter
1147 4013 1221 4060 con-

106 4103 217 4184 stituti,
236 4109 269 4167 ut
284 4087 377 4185 patet
392 4123 452 4189 per
478 4105 725 4172 instrumentum
741 4102 906 4187 publicum
923 4103 1006 4169 dieti
1018 4102 1222 4189 syndieatus,

107 4212 258 4296 scriptum
283 4232 343 4295 per
369 4232 501 4279 manum
516 4211 640 4279 Thome
656 4212 775 4280 Vitalis
802 4213 842 4276 de
867 4211 1001 4278 Perusio
1027 4215 1223 4280 auctoritate

108 4321 269 4406 Imperiali
285 4321 413 4387 Notarii
430 4329 462 4388 et
479 4322 630 4391 Civitatis
641 4321 772 4408 Spalati
787 4321 894 4386 Jurati
905 4319 1042 4400 Notarii,
1053 4327 1086 4388 et
1100 4323 1222 4388 factum

108 4429 164 4496 snb
180 4450 268 4498 anno
285 4428 415 4497 Domini
432 4430 604 4498 millesimo
621 4429 845 4497 ducentesimo
862 4431 1075 4514 nonagesimo
1092 4436 1221 4513 quarto,

109 4537 296 4606 indiccione
311 4539 383 4604 VII.
400 4537 452 4609 die
469 4539 560 4608 XXI.
579 4539 702 4606 mensis
712 4538 837 4616 Marcii,
851 4557 934 4604 ame
950 4541 1092 4605 Antonio
1107 4539 1222 4607 Judice

111 4657 141 4715 et
155 4647 294 4717 Notario
315 4647 525 4733 infrascripto
542 4649 614 4718 viso
629 4654 662 4714 et
677 4648 773 4731 lecto,
790 4647 920 4716 nominc
937 4657 969 4714 et
986 4647 1059 4714 vioe
1078 4649 1221 4730 ipsorum
