3166 5238
833 287 991 396 ji)-

354 485 464 554 dilecti
481 485 538 553 filii
555 487 684 556 Nobilis
700 487 760 554 viri
779 488 923 572 Georgii,
948 487 1085 556 Comitis
1102 488 1277 554 civitatum
1294 489 1473 571 Dalmaeie,

353 595 386 659 in
404 613 468 676 qua
483 593 714 678 Traguriensis
731 596 857 664 Civitas
874 603 906 661 ot
923 595 1007 662 villa
1027 596 1179 680 predicta
1196 594 1400 683 consistunt,
1417 619 1471 662 no-

353 703 403 770 his
420 722 518 789 super
534 703 595 772 hoc
606 704 771 770 humiliter
782 703 1037 789 supplicantium
1050 723 1091 770 ac
1102 706 1333 787 asserentium,
1350 705 1471 772 dictam

353 812 466 878 villam
483 813 737 881 Sebenioensem
753 810 823 879 lore
840 813 944 880 locum
962 812 1133 896 insignem,
1152 820 1185 878 et
1201 815 1289 880 alias
1299 815 1472 898 multiplici

354 920 584 989 commoditate
600 920 757 1003 dotatum,
773 919 901 990 devotis
912 940 1057 986 annuere
1069 922 1221 1006 precibus
1238 923 1271 987 in
1290 923 1353 988 hac
1370 931 1474 1010 parte,

352 1033 485 1116 plcnam
502 1051 630 1114 quoque
647 1037 802 1115 gerentes
814 1029 855 1096 de
875 1037 986 1097 vestra
997 1031 1290 1116 circumspectione
1308 1031 1473 1119 fiduciam,

355 1139 409 1225 qui
425 1160 523 1228 super
539 1139 602 1206 hiis
619 1141 770 1209 omnibus
796 1140 920 1208 hahere
937 1141 1089 1226 poteritis
1107 1140 1262 1208 noticiam
1282 1143 1474 1229 pleniorem,

354 1252 567 1332 mandamus,
594 1259 756 1333 quatenns
783 1268 863 1331 vos,
889 1249 942 1314 vol
968 1249 1052 1314 alter
1067 1255 1230 1331 vestrum,
1259 1269 1318 1334 per
1335 1273 1405 1334 vos,
1424 1255 1473 1317 vel

355 1362 454 1428 alium
470 1379 528 1426 seu
546 1361 628 1426 alios
645 1359 809 1442 prefatam
826 1357 938 1424 villam
960 1357 1233 1436 Sebenioensem,
1259 1365 1374 1427 nostra
1401 1359 1474 1426 freti

355 1470 570 1545 austeritate,
589 1464 731 1534 civitatis
759 1465 908 1550 insigniis
934 1465 1151 1552 decorantes,
1180 1469 1336 1532 maiorem
1364 1474 1398 1532 ct
1424 1487 1473 1534 so·

354 1579 546 1647 lemniorem
563 1574 748 1640 Ecclesiam
766 1574 854 1640 dicte
872 1574 971 1653 ville,
998 1595 1070 1640 curn
1087 1574 1118 1637 ei
1135 1575 1314 1641 secundum
1335 1579 1387 1642 sni
1403 1585 1473 1644 sta-

354 1697 407 1756 tus
432 1693 466 1756 et
482 1683 633 1752 Ecclesia
650 1682 857 1750 Cathodralis
883 1683 1066 1750 decentiam
1092 1684 1190 1749 tuterit
1207 1685 1249 1750 de
1265 1687 1342 1751 dote
1367 1688 1474 1769 prori-

356 1819 447 1882 sum,
464 1795 579 1862 eadem
595 1792 793 1858 auctoritate
818 1793 852 1857 in
869 1792 1102 1860 Cathedralem
1118 1794 1304 1860 Ecclesiam
1328 1795 1472 1880 erigatis,

357 1929 419 1994 que
436 1902 626 1991 Spalatensi
644 1901 791 1968 Ecclesia
808 1903 868 1968 loci
886 1903 1135 1988 Metropolitice,
1152 1909 1309 1984 tanquam
1322 1905 1394 1970 eius
1411 1906 1473 1970 sul-

355 2017 538 2100 fraganea,
564 2013 632 2077 iure
647 2011 887 2094 Metropolitico
906 2014 947 2075 sit
964 2012 1133 2094 subiecta,
1151 2031 1191 2076 ac
1210 2011 1330 2076 deinde
1348 2015 1469 2099 aliqua,

357 2132 453 2215 prout
469 2124 588 2190 decens
606 2121 760 2201 extiterit,
779 2121 928 2188 debonis
946 2122 1094 2190 eiusdem
1107 2121 1256 2188 Ecclesia
1276 2123 1473 2190 Sebenioen·

357 2236 414 2318 sis,
431 2240 603 2322 postquam
620 2229 734 2296 dotata
750 2237 783 2296 et
799 2233 830 2295 in
849 2228 1084 2298 cathedralem
1104 2228 1202 2296 fuerit
1219 2231 1267 2294 sic
1284 2239 1417 2316 erecta,
1442 2235 1473 2297 in

356 2361 433 2409 usus
458 2337 669 2426 Episcopalis
695 2354 807 2402 mense
822 2336 1000 2420 Episcopi,
1028 2339 1082 2419 qui
1109 2357 1167 2420 pro
1193 2345 1342 2421 tempore
1367 2339 1472 2422 luerit,

357 2453 463 2537 ipsius
480 2445 711 2516 Sebenioensis
729 2445 878 2511 Ecclesia
894 2445 1077 2530 deputetis,
1096 2444 1203 2511 eidem
1219 2445 1354 2532 insuper
1368 2448 1475 2515 Eccle-

358 2563 408 2628 sie
423 2555 636 2626 Sebenioensi
653 2554 839 2640 propriam,
857 2553 928 2618 sine
944 2554 1081 2621 alicuius
1098 2553 1298 2638 preiudieio,
1325 2557 1470 2640 assigne-

358 2670 401 2736 tis
418 2665 580 2735 Diocesim
590 2715 599 2750 ,
627 2665 723 2730 certis
750 2672 847 2748 prout
861 2663 1065 2746 expediverit
1081 2663 1201 2728 finibus
1226 2663 1423 2748 limitatam;
1440 2683 1475 2733 ao

359 2775 585 2846 nichilominus
603 2773 709 2838 eidem
727 2771 876 2838 Ecclesia
894 2770 1109 2838 Sebenioensi
1133 2770 1195 2836 hac
1212 2771 1284 2836 vioe
1301 2791 1475 2855 personam

358 2889 523 2970 idoneam,
540 2904 603 2968 que
619 2888 711 2949 tanto
729 2888 885 2964 congruat
901 2880 991 2946 oneri
1009 2885 1040 2946 et
1066 2879 1203 2961 honori,
1220 2880 1398 2964 preficiatis
1422 2903 1475 2948 au-

359 2996 512 3064 ctoritate
536 2993 736 3079 predictam
753 2991 956 3075 Episcopum
983 2997 1015 3055 et
1032 2995 1218 3072 pastorem,
1240 3008 1352 3054 curam
1370 2997 1403 3056 et
1418 2991 1475 3056 ad-

357 3103 629 3172 ministrationem
647 3099 794 3166 eiusdem
812 3099 961 3166 Ecclesie
978 3097 1194 3163 Sebenioensi
1212 3097 1243 3161 ei
1264 3097 1477 3182 spiritualiter

360 3221 393 3281 et
407 3211 630 3298 temporaliter
646 3205 887 3292 committendo,
905 3227 944 3272 ao
962 3225 1021 3291 per
1037 3211 1080 3289 te,
1098 3205 1201 3272 frater
1211 3205 1476 3291 archiepiscope,

359 3321 495 3388 adscitis
512 3319 572 3385 tibi
589 3318 718 3384 duobus
746 3318 799 3382 vel
816 3317 918 3381 tribus
936 3315 1112 3400 Episcopis
1128 3314 1272 3400 gratiam
1289 3323 1321 3381 et
1338 3336 1474 3382 commu·

359 3434 487 3499 nionem
503 3426 693 3512 Apostolioe
709 3425 804 3492 Sedis
815 3424 1023 3502 habentibus,
1041 3421 1146 3489 eidem
1156 3442 1290 3489 munere
1307 3443 1476 3491 consecra-

360 3539 458 3606 tionis
475 3537 642 3621 impenso,
668 3535 800 3604 faciatis
818 3535 881 3600 sibi
898 3534 941 3599 ab
959 3531 1029 3598 eius
1046 3531 1189 3599 subditis
1210 3532 1432 3598 obedientiam
1448 3539 1477 3598 et

360 3645 578 3714 reverentiam
595 3643 740 3711 debitam
758 3644 926 3727 exhiberi,
951 3643 998 3707 ita
1012 3649 1132 3722 tamen,
1159 3641 1247 3724 quod
1264 3661 1323 3727 per
1341 3643 1403 3710 hec
1420 3642 1476 3708 Oa-

361 3756 464 3842 pitulo
481 3752 627 3818 eiusdem
645 3753 791 3818 Ecclesie
813 3750 1062 3836 Sebenioensis,
1089 3749 1132 3816 ad
1149 3769 1231 3832 quos
1259 3751 1379 3817 electio
1405 3750 1476 3835 Epi-

362 3863 455 3947 scopi
471 3861 700 3929 Sebenicensis
724 3860 842 3926 futuris
868 3860 1089 3944 temporibus,
1117 3878 1190 3924 oum
1207 3859 1386 3941 contigerit
1407 3879 1475 3929 eam

362 3992 501 4054 vacare,
528 3969 709 4057 pertineat,
736 3974 767 4031 et
784 3967 971 4054 Spalatensi
987 3967 1136 4034 Ecclesia
1152 3968 1190 4033 in
1207 3967 1277 4034 iure
1291 3968 1475 4054 Metropoli-

364 4080 427 4148 tioo
443 4080 566 4146 nullum
583 4077 793 4162 imposterum
810 4077 1025 4163 prsiudioium
1042 4082 1226 4160 generetur.
1255 4076 1474 4143 Contradicto·

363 4207 417 4255 res
434 4193 493 4253 eto.
509 4189 583 4253 Non
599 4187 770 4266 obstante,
798 4185 828 4252 si
844 4185 1009 4267 aliquibus
1026 4205 1048 4250 a
1063 4181 1147 4252 sede
1164 4183 1358 4269 Apostolica
1379 4184 1422 4250 sit
1435 4184 1473 4247 in·

365 4297 499 4377 dnltum,
518 4293 602 4376 quod
619 4293 782 4374 interdici,
798 4289 957 4380 suspendi
967 4296 1020 4364 vel
1034 4295 1310 4362 excommunicari
1326 4315 1392 4362 non
1407 4312 1473 4380 pos·

365 4405 430 4469 sint
445 4423 503 4486 per
519 4404 645 4470 litteras
664 4414 724 4470 eto.
751 4403 805 4470 Sic
821 4425 898 4489 ergo
915 4405 950 4470 in
966 4404 1134 4488 premissis
1160 4405 1341 4489 prudenter
1358 4425 1399 4470 ae
1415 4405 1471 4468 lau·

366 4512 519 4580 stabiliter
535 4531 595 4578 vos
619 4532 730 4596 gerere
747 4513 925 4591 studeatis,
954 4513 1042 4596 quod
1058 4513 1195 4597 proinde
1212 4534 1232 4578 a
1249 4513 1391 4581 Domino
1410 4532 1469 4598 prs·

367 4621 482 4700 mium,
508 4625 542 4683 et
557 4640 577 4683 a
592 4621 686 4686 nobis
713 4621 918 4688 commendat
975 4624 1003 4688 is
1028 4622 1158 4688 titulum
1185 4621 1317 4708 possitis
1344 4619 1467 4689 nonin-
