3166 5238
909 299 975 368 240

856 389 1020 400 -1————-

376 489 437 562 das
454 495 488 562 in
504 493 600 562 metis
615 501 649 564 et
664 493 824 582 terminis,
841 495 876 562 in
893 495 1010 579 quibus
1026 498 1143 566 eedem
1160 498 1393 584 possessiones
1410 503 1500 568 nobi·

373 603 453 672 lium
469 623 529 690 per
544 601 680 674 eosdem
696 609 796 674 antea
811 602 925 673 habite
940 604 1073 672 fuorunt
1100 611 1134 673 et
1158 626 1332 692 possesse,
1360 614 1394 676 et
1409 607 1502 693 ipsas

370 713 599 801 possessiones
615 712 774 782 dicturum
789 711 899 796 deda,
916 712 999 780 Bora
1015 717 1048 778 et
1063 713 1201 796 Nicolai,
1219 718 1252 780 et
1268 713 1409 782 eandem
1435 723 1499 784 ter·

371 843 442 890 ram
458 821 651 909 Reginalem
666 839 727 908 per
736 819 930 906 Magistrum
946 819 1106 887 Leurente
1124 817 1282 886 comitem
1297 823 1499 910 Wezprimy-

375 949 497 1016 ensem,
515 931 679 999 hominem
696 925 828 996 Domini
839 929 950 1013 Regis,
962 945 1032 994 cum
1049 928 1179 1014 ydoneo
1195 929 1386 998 testimonio
1404 931 1500 1020 capi-

371 1039 431 1107 tuli
446 1036 725 1125 Wecprimyonsis
743 1035 944 1105 reambulari
959 1035 1095 1102 fecimus
1113 1055 1170 1120 per·
1186 1043 1315 1102 ueteres
1330 1045 1441 1106 metas
1467 1051 1499 1106 et

371 1149 537 1233 antiquas,
552 1153 587 1215 et
601 1147 695 1212 iuxta
712 1142 846 1214 easdem
864 1163 967 1212 nouas
987 1151 1092 1210 metae
1109 1145 1192 1228 origi
1208 1145 1362 1212 faciendo
1380 1156 1414 1216 et
1430 1157 1497 1215 sta-
1573 1149 1574 1202 ἲ

369 1259 415 1326 tni
432 1258 541 1326 eidem
556 1254 687 1324 domine
712 1254 848 1338 Regino,
867 1260 899 1320 et
910 1253 1111 1338 Jobagiones
1136 1252 1283 1320 ciusdem
1300 1255 1333 1319 in
1361 1257 1496 1324 easdem
1573 1261 1574 1264 ’

369 1362 547 1446 introduci,
564 1363 598 1427 in
614 1379 751 1444 quarum
766 1359 1044 1444 coambulantem,
1062 1365 1095 1426 et
1110 1360 1295 1424 statueione
1311 1364 1422 1434 nullus
1440 1385 1492 1430 ex·

369 1473 454 1542 stitit
469 1469 711 1550 contradictor,
736 1474 834 1556 prout
850 1466 954 1536 series
978 1465 1274 1550 reamhulncionis,
1301 1472 1495 1540 statneionis
1572 1481 1574 1536 l

369 1591 403 1648 et
418 1579 643 1650 estimaciunis
658 1574 880 1661 predictarum
896 1573 1142 1660 possessionum
1162 1575 1194 1638 in
1211 1575 1332 1643 litteris
1351 1576 1494 1664 Capituli
1572 1547 1574 1650 i

367 1687 646 1775 Wecprimyensis
673 1684 793 1753 exinde
819 1684 978 1752 conlectis
1003 1682 1132 1767 plenius
1159 1683 1301 1752 uidimus
1321 1689 1491 1755 contineri.

369 1797 492 1864 Cursus
507 1814 586 1863 nero
604 1791 814 1876 antiquarum
832 1798 1001 1876 metarum,
1019 1797 1052 1858 et
1071 1808 1229 1858 nouarum
1246 1791 1340 1859 iuxta
1364 1801 1490 1863 ueteres

368 1909 560 1987 erectarum,
576 1901 724 1970 eiusdem
739 1907 828 1968 terro
847 1899 1037 1983 Reginalis,
1062 1897 1147 1964 siout
1162 1897 1196 1962 in
1213 1898 1330 1968 litteris
1348 1903 1492 1972 eiusdem

369 2010 512 2099 Capituli
529 2009 765 2094 comperimus,
782 2008 845 2076 hoc
865 2005 981 2074 ordine
1007 2006 1265 2092 distinguuntur,
1284 2008 1373 2090 quod
1388 2012 1492 2095 prima

368 2127 455 2188 meta
471 2117 587 2202 incipit
601 2118 635 2184 in
651 2116 795 2202 virgulto
820 2113 898 2182 ville
922 2112 1059 2198 Bugdan
1077 2135 1136 2199 per
1153 2114 1283 2182 dnmum
1299 2117 1396 2202 ilycis
1413 2121 1490 2186 assi-

369 2234 511 2313 gnatam,
529 2223 569 2292 de
589 2243 653 2308 qua
668 2241 728 2310 per
753 2222 905 2290 moialem
925 2221 1175 2288 distinccionem
1203 2229 1364 2290 terrerum
1380 2227 1444 2310 Wg
1459 2235 1490 2296 et

369 2335 513 2402 eiusdem
529 2343 615 2402 terre
632 2331 962 2420 Arkybanacurehnlr
982 2331 1150 2416 uergendo
1166 2351 1283 2398 uersus
1299 2343 1411 2417 partes
1429 2359 1489 2402 me·

372 2443 549 2512 ridionales
560 2447 593 2508 et
602 2439 770 2527 tangendo
782 2439 956 2527 quamdam
976 2459 1107 2524 pomum
1127 2440 1248 2506 oltwen
1267 2441 1390 2509 dictam
1408 2449 1491 2514 tran-

370 2549 413 2616 sit
429 2550 597 2632 inaquam
612 2549 768 2631 Turnus,
784 2554 817 2616 et
832 2549 984 2634 peruenit
1004 2542 1078 2634 (ad)
1105 2547 1253 2616 arborem
1281 2568 1365 2637 orny
1381 2551 1492 2620 distin·

372 2663 455 2723 etam
472 2657 515 2721 ab
531 2657 771 2738 aqna'lnrnwa
786 2657 832 2722 ad
850 2657 1011 2723 iacturam
1028 2653 1154 2722 securis
1170 2660 1204 2718 et
1221 2659 1286 2722 tres
1303 2675 1437 2745 passus,
1453 2660 1492 2724 de
1573 2655 1574 2678 ¹

370 2783 434 2847 quo
452 2784 511 2849 per
526 2782 656 2832 cursum
674 2764 753 2831 solis
771 2763 943 2834 declinans
964 2764 1010 2830 ad
1028 2769 1139 2848 partes
1156 2762 1335 2829 occidentis
1353 2783 1426 2832 cum
1443 2787 1492 2836 eo·

366 2876 440 2942 dem
456 2871 566 2941 fluuiio
581 2872 725 2942 'lurnwa
741 2871 834 2941 vadit
857 2872 902 2940 ad
918 2881 1058 2954 quatuor
1080 2869 1269 2938 molendina
1284 2871 1438 2940 Ladizlai
1459 2875 1492 2940 fi-

369 2983 406 3049 lii
422 2979 511 3050 ltusd
529 2981 698 3048 currencia
713 2981 784 3050 siue
800 2979 961 3049 molencia
979 2978 1078 3046 fluuio
1096 2980 1129 3046 in
1157 2977 1292 3065 eodem;
1310 2986 1400 3046 retro
1417 3003 1490 3066 qno-

367 3110 435 3156 rnm
452 3091 584 3174 singula
600 3093 676 3156 eunt
691 3088 820 3174 singule
837 3095 975 3171 quatuor
992 3094 1077 3154 mete
1092 3094 1202 3154 terroe
1213 3085 1367 3154 similiter
1385 3091 1432 3157 ad
1448 3091 1491 3158 ia·
1573 3125 1574 3166 ;

367 3205 492 3266 ctnrem
510 3199 633 3265 securis
650 3202 685 3262 et
699 3204 766 3264 tres
783 3215 913 3282 passus,
935 3196 978 3262 de
994 3215 1130 3279 quorum
1145 3197 1259 3264 ultimo
1275 3199 1330 3264 vel
1346 3198 1492 3266 inferiori
1572 3181 1574 3270 i

367 3324 507 3389 vergens
523 3304 632 3372 adhuc
647 3305 692 3372 ad
716 3309 832 3389 partes
848 3323 908 3389 per
925 3305 1060 3372 easdem
1077 3304 1228 3388 peruenit
1244 3305 1288 3370 ad
1305 3325 1405 3372 unam
1432 3327 1492 3372 me·

367 3422 436 3480 tam
451 3412 547 3500 ilycie
563 3394 748 3497 copulatam
771 3413 860 3480 ultra
876 3412 1058 3497 predictum
1075 3409 1210 3478 fluuium
1226 3435 1248 3482 a
1272 3412 1412 3480 meridie
1429 3415 1491 3481 exi·

368 3526 518 3604 stentem,
535 3522 578 3587 de
595 3533 661 3606 qua
675 3521 766 3590 uenit
783 3523 826 3591 ad
843 3521 1063 3590 molendinum
1080 3522 1230 3588 Ecclesia
1246 3521 1489 3608 Wezprimyen·

366 3631 414 3696 sis
428 3629 462 3695 in
478 3635 566 3698 terra
580 3631 776 3718 Zulgagewr
801 3637 921 3699 vocata
936 3629 1107 3698 fundatum
1124 3637 1158 3696 et
1174 3639 1397 3700 constructum
1424 3654 1488 3700 eur-

366 3757 441 3806 rens
457 3737 555 3804 fluuio
571 3739 604 3804 in
621 3737 747 3806 eedem.
759 3741 797 3807 In
822 3739 916 3806 euius
931 3740 1083 3809 clausere
1106 3741 1176 3806 sine
1192 3737 1355 3808 obstaculi
1384 3741 1489 3828 capite

365 3847 566 3913 transeundo
581 3846 690 3930 ipsum
706 3845 839 3912 fluuium
857 3855 889 3915 et
905 3847 1071 3933 tangendo
1088 3866 1186 3913 vnam
1205 3847 1341 3915 salicem
1359 3867 1487 3937 negara-

367 3960 417 4023 tnr
432 3973 491 4038 per
507 3951 727 4022 molendinum
745 3953 888 4022 Emerici
903 3975 962 4042 per
978 3962 1089 4040 partas
1106 3954 1289 4023 occidentis
1304 3977 1365 4040 per
1381 3958 1486 4024 latitu-

366 4062 474 4130 dinem
491 4062 628 4129 duorum
653 4062 820 4147 iugerum,
847 4070 880 4132 et
896 4081 960 4146 quo
985 4064 1051 4130 iem
1072 4063 1197 4130 directe
1223 4063 1266 4128 ad
1292 4065 1486 4147 aquiiionem

367 4168 526 4238 currendo
551 4190 610 4254 per
634 4167 872 4255 longitudinem
896 4170 993 4240 vuius
1019 4168 1142 4255 ingeris
1160 4169 1249 4236 venit
1265 4169 1309 4240 ad
1330 4172 1486 4258 salyeem,

365 4276 486 4344 abhinc
496 4283 605 4347 autem
618 4280 756 4346 curritur
767 4279 860 4346 iuxta
871 4299 983 4348 nemus
993 4279 1202 4366 Kywsberek
1212 4278 1336 4346 dictum
1346 4281 1393 4348 ad
1403 4284 1487 4365 aqui·
1571 4299 1574 4380 p

365 4385 481 4470 ionem,
498 4387 554 4453 vbi
570 4388 670 4456 intrat
689 4408 788 4456 vnum
804 4390 980 4473 virgultum
996 4389 1202 4476 wasberek
1219 4389 1388 4474 wlgeriter
1415 4397 1486 4476 nuri}
1573 4385 1574 4428 ἲ

365 4498 539 4577 cupatum,
555 4495 642 4577 quod
657 4498 859 4564 transeundo
875 4504 987 4582 partes
1004 4497 1047 4561 ad
1065 4497 1201 4564 easdem
1227 4497 1317 4563 venit
1330 4497 1376 4564 ad
1401 4496 1486 4566 aliud

365 4600 587 4670 molendinum
603 4604 822 4690 'lnmpatowa
836 4606 1040 4690 appellatum
1056 4603 1274 4672 transseundo
1291 4624 1392 4672 ruam
1404 4607 1486 4676 viem
