3166 5238
846 309 1002 414 Q

361 507 465 577 solum
484 503 726 593 circumpositis
752 505 940 592 regionibus
960 524 1018 572 sue
1043 503 1262 573 beatitudinis
1288 501 1485 571 diffuderunt

361 619 532 702 exempla,
558 614 617 684 sed
630 616 729 702 longo
745 615 878 698 lateque
894 633 953 701 per
969 615 1103 700 orbem,
1129 635 1170 682 ex
1187 614 1306 698 quibus
1322 633 1382 700 per
1398 614 1485 697 Apo·

360 723 511 792 stolicam
528 721 646 792 Sedem
663 723 762 791 etiam
774 723 896 793 nostris
913 723 1114 810 temporibus
1126 723 1321 806 Sanctorum
1332 722 1486 802 catalogo

359 839 436 899 sunt
460 830 638 917 adscripto.
655 829 781 898 Habuit
805 829 892 900 enim
917 830 1028 918 ipsum
1052 832 1200 914 Regnum
1226 829 1315 898 viros
1347 829 1484 895 scientie

359 939 532 1007 eminentis
548 941 583 1008 in
607 941 706 1021 clero,
724 939 828 1007 laicos
843 943 995 1008 robustos
1012 939 1046 1006 iu
1063 938 1201 1023 bellicis,
1218 936 1429 1007 devotionem
1445 937 1487 1002 ad

358 1047 584 1134 Apostolicam
609 1047 729 1118 Sedem
754 1049 789 1116 in
804 1049 953 1136 populis;
970 1050 1031 1117 init
1047 1047 1287 1134 circumpositis
1308 1047 1437 1132 Regnis
1454 1046 1485 1111 in

358 1159 528 1244 speculum
551 1157 656 1225 multa
680 1158 834 1226 virtutum
861 1160 1097 1226 numerositate
1123 1159 1279 1225 dotatum.
1308 1155 1377 1223 Sed
1403 1154 1486 1238 proh

358 1264 469 1333 dolori
496 1265 573 1334 dum
599 1267 632 1333 iu
658 1266 898 1352 presentiarum
923 1268 1070 1352 Regnum
1087 1267 1193 1353 ipsum
1210 1263 1429 1348 respicimus,
1456 1270 1487 1328 et

357 1371 581 1443 miserabilem
597 1377 719 1442 statum
745 1371 825 1460 eius,
843 1379 875 1442 et
891 1380 1047 1458 quantum
1064 1395 1084 1440 a
1100 1374 1202 1461 priori
1218 1371 1309 1440 felici
1324 1377 1417 1438 statu
1433 1369 1487 1437 de·

356 1477 459 1568 fluxit,
476 1486 510 1546 et
525 1499 546 1548 a
562 1483 650 1547 statu
667 1479 785 1549 cecidit
801 1480 957 1567 glorioso,
974 1483 1165 1570 diligentius
1181 1484 1358 1565 intuemur,
1377 1479 1487 1547 formi-

357 1587 474 1656 damus
491 1587 605 1657 merito
622 1591 656 1656 et
679 1587 777 1656 valde
793 1591 954 1678 timemus,
971 1609 1013 1658 ne
1028 1591 1177 1678 Regnum
1193 1591 1300 1676 ipsum
1317 1597 1485 1676 tempora-

354 1697 431 1766 liter
454 1696 489 1763 in
505 1717 627 1784 magna
644 1695 830 1783 dispendia,
847 1704 880 1766 et
895 1697 1112 1786 spiritualiter
1127 1701 1161 1766 in
1188 1719 1309 1785 magna
1335 1697 1485 1783 pericula

356 1804 542 1892 dilabatur,
568 1803 697 1890 quibus,
715 1804 778 1872 nisi
794 1806 932 1876 dextera
948 1807 1081 1876 Domini
1108 1807 1251 1878 faciente
1265 1809 1437 1890 virtutem,
1453 1810 1484 1871 et

354 1931 415 1998 per
429 1911 620 1999 Apostolice
644 1910 742 1982 Sedis
767 1915 1011 2000 providentiam
1028 1917 1198 2002 obvietur,
1224 1917 1379 2000 Regnum
1396 1913 1483 1981 idem

354 2019 412 2088 rix
426 2017 571 2104 adiiciet,
588 2025 623 2086 ut
641 2027 806 2108 resurgat.
823 2021 884 2089 Est
899 2043 1041 2108 namque
1067 2024 1304 2095 circumdatum
1322 2023 1482 2091 scismati-

355 2129 414 2214 cis,
429 2127 583 2197 hereticis
606 2132 639 2196 at
653 2129 814 2216 paganis,
832 2152 873 2200 ac
890 2151 1000 2200 eorum
1022 2133 1208 2201 incursibus
1226 2131 1418 2217 frequenter
1434 2131 1479 2196 in-

353 2253 467 2306 vasum
477 2284 487 2322 ,
504 2237 724 2306 numerositas
749 2239 942 2324 populorum
960 2241 994 2306 in
1011 2241 1081 2328 ipso
1097 2241 1340 2327 quodammodo
1363 2239 1408 2306 ad
1425 2261 1478 2326 pn-

353 2345 461 2412 sillnm
477 2363 611 2430 gregem
629 2346 773 2435 redacta,
790 2347 907 2414 sedent
924 2351 1018 2432 quasi
1035 2352 1108 2420 sola
1122 2351 1154 2417 in
1172 2370 1210 2418 eo
1228 2351 1387 2419 nonnulle
1404 2349 1478 2417 ciui·

353 2457 441 2523 tates
457 2459 491 2520 et
505 2455 590 2538 loca,
611 2473 674 2537 que
690 2453 766 2523 olim
784 2457 915 2542 populis
932 2465 1023 2526 erant
1040 2459 1148 2546 plena,
1166 2461 1314 2544 pluribus
1331 2460 1479 2527 interem-

351 2563 418 2649 ptis
434 2567 467 2631 et
483 2563 593 2632 multis
616 2564 650 2631 in
677 2564 863 2650 captionem
886 2565 1046 2636 deductis.
1064 2569 1133 2636 Hoc
1150 2569 1227 2636 dum
1242 2575 1353 2637 mente
1369 2569 1478 2636 reuol-

350 2671 457 2738 rimus
473 2674 506 2738 et
521 2671 626 2738 oculis
642 2690 764 2758 magne
781 2675 1019 2759 compassionis
1035 2677 1224 2762 aspicimus,
1241 2697 1411 2745 moremur
1437 2677 1479 2744 ad

350 2775 518 2864 lacrimas,
533 2778 577 2845 ad
603 2778 770 2862 querenda
786 2782 934 2850 remedia
959 2783 1174 2870 stimulamur,
1192 2793 1224 2852 et
1239 2804 1377 2872 surgere
1394 2785 1477 2871 cogi·

349 2903 422 2951 mur
438 2883 481 2952 ad
504 2884 752 2974 providendum,
770 2891 858 2971 quod
884 2893 1087 2976 sepedictum
1104 2895 1252 2980 Regnum
1271 2895 1399 2962 habeat
1425 2893 1478 2959 bo·

350 3010 426 3059 num
443 2997 575 3080 statum,
592 2995 736 3064 maxime
752 3004 787 3062 ut
803 2998 836 3066 in
853 2997 917 3066 fide
934 3000 1105 3069 catholica
1122 3010 1155 3070 et
1171 3003 1365 3089 Apostolice
1382 3002 1475 3070 Sedis

350 3102 538 3170 reverentia
563 3112 765 3190 perseveret.
783 3107 825 3174 llt
840 3106 926 3173 inter
943 3115 1062 3194 cetera,
1089 3131 1152 3195 que
1167 3111 1290 3181 nostris
1308 3111 1476 3180 obtutibus

349 3220 568 3296 occurrerunt,
580 3213 782 3301 providimus
801 3217 924 3286 habere
940 3237 1131 3305 personam,
1148 3241 1207 3306 per
1223 3223 1315 3290 cuius
1332 3222 1476 3288 ministe-

350 3318 435 3384 rium
450 3325 485 3388 et
507 3320 736 3391 sollicitudinis
762 3326 904 3393 studium
931 3329 975 3395 ad
991 3338 1136 3398 nostram
1154 3339 1187 3398 ct
1212 3330 1308 3400 Sedis
1329 3331 1475 3398 eiusdem

348 3422 553 3494 deducantur
568 3429 721 3499 noticiam
738 3433 844 3518 Regni
861 3435 1009 3502 eiusdem
1028 3438 1242 3524 conditiones,
1259 3446 1293 3508 et
1309 3446 1429 3523 status,
1446 3446 1476 3504 et

349 3531 492 3617 qualitas
505 3536 673 3622 maiorum,
690 3541 888 3609 mediocrum
905 3551 938 3611 et
954 3565 1125 3630 parvorum
1142 3547 1359 3616 residentium
1377 3549 1411 3615 in
1422 3568 1473 3615 ec·

345 3637 432 3726 dem,
449 3643 679 3728 cuiuscumque
695 3650 879 3739 eminentie,
898 3652 1022 3720 ordinis
1040 3663 1072 3722 et
1090 3657 1289 3724 conditionis
1316 3658 1472 3741 existant,

346 3753 381 3814 ut
396 3749 496 3835 mala,
514 3759 639 3834 quanto
649 3753 771 3823 suerint
781 3761 922 3844 notiora,
939 3768 1030 3830 tanto
1046 3765 1210 3852 possimus
1227 3765 1390 3832 efficatius
1406 3767 1471 3832 eui-

325 3859 426 3938 ·tare,
443 3856 537 3927 bonis
554 3861 676 3930 addere
692 3865 924 3956 fulcimentum,
936 3877 968 3938 et
980 3873 1098 3939 eadem
1109 3874 1469 3958 ampliuspromorerc3

345 3969 379 4029 et
393 3963 594 4048 aspicientes
611 3969 644 4036 in
661 3971 762 4056 illum,
780 3976 834 4058 qui
861 3986 1023 4063 perpetua
1038 3980 1194 4050 mundum
1209 3983 1337 4050 ratione
1355 3983 1470 4068 guber·

343 4076 411 4153 nat,
427 4077 587 4142 terrarum
605 4079 734 4164 colique
751 4087 850 4163 sator,
868 4086 924 4168 qui
939 4093 1067 4174 tempus
1084 4091 1127 4156 ab
1145 4111 1205 4156 eve
1222 4091 1269 4158 ire
1285 4091 1388 4174 iubet,
1406 4099 1469 4158 sta-

343 4174 483 4263 bilisque
494 4203 631 4255 manens
642 4189 701 4254 dat
717 4196 979 4280 cunctamoveri,
997 4199 1176 4266 secundum
1188 4195 1466 4267 ordinatissimam

342 4281 590 4372 dispositionem
616 4305 797 4385 temporum
822 4301 912 4372 solus
932 4306 1023 4372 novit
1049 4307 1204 4376 exhibere
1231 4317 1466 4394 congruentem

341 4389 484 4466 humano
500 4403 614 4481 generi
640 4407 859 4495 medicinam
886 4413 1087 4498 presentium
1105 4421 1287 4501 temporum
1306 4421 1465 4500 qualitate
1580 4476 1581 4481 ,

339 4505 373 4568 et
389 4502 549 4585 sepedicti
564 4511 669 4596 Regni
695 4515 837 4584 dirersis
863 4520 1121 4589 circumstantiis
1136 4525 1168 4590 in
1185 4527 1315 4593 lancem
1342 4535 1464 4594 mature

339 4608 616 4686 considerationis
631 4621 795 4711 adductis,
812 4630 994 4714 expediens
1018 4630 1089 4700 iore
1104 4632 1263 4717 ddemus,
1280 4636 1373 4719 quod
1389 4636 1463 4705 Stri-
