3188 5238
349 1183 379 1250 A
396 1183 518 1270 tibanyi
542 1181 677 1246 koacant
700 1179 979 1269 biacnpadplerala‚
1003 1179 1083 1270 bopy
1099 1181 1217 1266 Bonch,
1235 1161 1375 1272 adpoatoa
1391 1211 1473 1253 ocaz-

343 1295 449 1384 prdma'
458 1289 602 1356 knaorrck
618 1292 754 1372 taatcdra,
766 1289 960 1354 Mdrtcanalr
969 1293 1140 1375 caprena·
1149 1293 1485 1380 prarabmdariaanak'

349 1405 380 1468 ds
395 1398 584 1467 tarascona
608 1397 774 1465 Jdnoanak
796 1395 956 1482 Vaazprdm
972 1399 1128 1464 odroabaa
1154 1399 1222 1464 loct
1235 1402 1329 1466 bdzdt
1353 1401 1470 1468 aladto.

861 1507 958 1570 1293.

457 1707 574 1774 Eratsr
588 1701 780 1792 Ecynoldus
796 1701 918 1768 Dinina
934 1704 1148 1770 miseracione
1173 1705 1287 1771 Abbas
1302 1708 1470 1774 lllonaste-

349 1816 390 1904 rij
406 1815 504 1883 Beati
521 1813 642 1882 Auiani
668 1811 710 1879 dc
726 1809 887 1877 'l'biconio
903 1818 936 1876 st
951 1809 1141 1879 donnanae
1156 1811 1221 1880 loci
1236 1813 1388 1880 eiusdem
1405 1835 1466 1880 om·

349 1923 446 1992 nibus
463 1922 581 1991 Christi
606 1921 757 1988 fidelibus
775 1939 912 2006 presens
930 1920 1087 2006 scriptum
1110 1920 1314 1989 intuentibus
1329 1926 1471 1992 emnam

350 2035 384 2100 in
400 2031 541 2100 Domino
558 2031 801 2118 sempiternam.
826 2027 1008 2114 Quoniam,
1029 2035 1063 2092 ut
1089 2029 1137 2095 ait
1159 2033 1312 2116 sapiens,
1338 2039 1469 2118 tempus

349 2160 439 2210 more
464 2137 540 2222 dwij
567 2157 662 2204 curan
686 2137 828 2204 volvitur
852 2135 1019 2211 instabili,
1054 2135 1137 2204 adeo
1162 2145 1258 2202 cauta
1286 2139 1467 2206 discretum

354 2257 415 2328 est,
432 2255 467 2316 ut
483 2268 533 2333 aa,
550 2265 613 2332 qus
629 2245 877 2312 racionabiliter
892 2252 1056 2329 geruntur,
1082 2245 1263 2313 litterarum
1279 2248 1468 2315 testimonio

351 2360 506 2426 memorie
517 2353 791 2423 commendentur.
803 2349 945 2420 Proinde
955 2353 1000 2420 ad
1009 2353 1234 2421 uniuersorum
1244 2355 1468 2424 noticiamha-

356 2483 425 2531 rum
451 2465 536 2532 scria
560 2463 708 2532 volumus
733 2460 928 2546 parvenire:
954 2459 1040 2542 quod
1057 2459 1182 2537 Bonch,
1208 2461 1310 2529 trater
1336 2465 1470 2533 discreti

351 2573 414 2640 viri
441 2572 592 2658 magistri
609 2569 781 2657 Augustini
799 2569 955 2637 canonici
976 2567 1122 2636 Ecclesia
1139 2570 1409 2656 Wesprimiensis
1426 2577 1468 2644 ab

353 2702 420 2748 nna
436 2688 551 2772 parte,
577 2686 611 2748 et
628 2680 785 2765 magister
802 2679 963 2746 Martinus
979 2676 1216 2766 prebendarius
1236 2683 1385 2766 predicte
1402 2688 1466 2752 Ec-

350 2791 450 2858 clesia
465 2789 733 2876 wesprimiensis
749 2796 782 2854 et
808 2787 976 2854 lohannes
993 2788 1094 2854 irater
1121 2806 1198 2854 suus
1219 2789 1262 2854 ab
1288 2793 1407 2876 altera,
1433 2797 1465 2860 in

351 2897 454 2966 nostri
470 2896 688 2983 personaliter
714 2894 885 2982 presencia
902 2892 1090 2978 constituti,
1118 2893 1205 2960 idem
1230 2895 1343 2963 Bonch
1370 2919 1467 2983 quan-

353 3007 430 3074 dam
447 3005 626 3074 sessionem
652 3024 747 3071 suam
770 2999 959 3088 Wesprimii
984 3000 1172 3072 submonte
1200 3005 1352 3073 Ecclesia
1377 3008 1470 3076 Beati

352 3115 484 3185 Nicolai
501 3112 704 3180 Confessoris
734 3113 946 3196 existentem,
965 3112 1017 3177 cui
1033 3133 1055 3179 a
1070 3119 1167 3197 parte
1184 3114 1318 3182 orientis
1341 3117 1467 3186 riuulus

350 3224 384 3290 in
401 3223 466 3289 fine
482 3222 639 3290 sessionis
656 3222 698 3289 de
714 3220 806 3286 fonte
822 3219 1013 3287 Kamakuta
1029 3221 1145 3287 exiens
1162 3220 1319 3308 decurrit,
1334 3245 1356 3289 a
1374 3235 1465 3311 parte

352 3350 431 3400 vero
457 3329 621 3414 aquilonis
646 3337 679 3395 et
704 3327 882 3396 occidentis
906 3329 1072 3396 sessiones
1096 3329 1225 3396 Nicolai
1250 3328 1308 3417 filij
1334 3333 1467 3421 Mathia,

353 3447 386 3507 et
403 3436 555 3525 Gregorij
572 3435 631 3523 fllij
648 3438 826 3525 Domnyka
835 3485 845 3520 ,
871 3457 911 3503 aa
930 3437 1073 3518 Buhcus‚
1088 3438 1304 3524 jobagionum
1329 3444 1467 3511 honora·

354 3547 431 3616 bilis
449 3547 591 3634 Capituli
607 3547 755 3633 ejusdem
772 3545 921 3613 Ecclesia
938 3546 1207 3632 wesprimiensis
1225 3549 1432 3639 vicinantur,
1449 3575 1469 3620 a
1520 3605 1523 3618 .

355 3654 559 3728 meridionali
576 3661 685 3720 antam
700 3660 794 3740 parte
810 3654 865 3720 via
877 3653 1021 3740 publica,
1037 3656 1152 3738 quade
1169 3656 1312 3724 ctuinte
1326 3660 1470 3748 Wespri·

354 3764 470 3832 miensi
487 3762 581 3830 vadit
597 3761 630 3826 in
646 3761 774 3845 Byliga,
802 3780 862 3846 pro
879 3761 1064 3844 quindecim
1087 3765 1199 3848 pensis
1216 3766 1356 3835 latorum
1373 3769 1470 3839 dena-

354 3873 475 3942 riorum
493 3867 738 3937 Wiennensium
755 3868 851 3964 plene
871 3868 993 3934 habitis
1010 3876 1043 3934 et
1061 3872 1206 3956 receptis
1231 3895 1340 3942 coram
1364 3879 1469 3967 nobis,

354 3982 397 4047 ab
414 3978 539 4048 eisdem
564 3977 721 4063 magistro
737 3977 877 4044 Martino
895 3983 927 4045 et
949 3976 1101 4048 Johanne
1128 3980 1303 4051 confessus
1328 3994 1379 4052 est
1394 4007 1469 4054 veu-

356 4087 480 4156 didisse
504 4092 660 4174 perpetuo
686 4091 718 4154 et
742 4085 999 4154 irrevocabiliter
1023 4090 1180 4175 predictis
1203 4093 1364 4178 magistro
1387 4095 1469 4164 Mar·

355 4197 424 4264 tino
440 4201 474 4262 et
489 4195 632 4264 Johanni
648 4194 741 4260 fratri
766 4213 826 4260 suo
842 4194 1079 4278 possidendam
1102 4200 1280 4267 tenendam
1297 4209 1332 4268 et
1346 4202 1468 4270 haben-

356 4304 453 4386 dam,
477 4305 511 4370 iu
528 4303 614 4371 filios
631 4302 771 4368 liliorum
797 4301 1057 4371 dictiJohannis
1073 4307 1277 4376 etheredum
1294 4330 1355 4396 per
1379 4312 1467 4382 here-

356 4410 435 4494 des3
472 4409 669 4477 assumendo
694 4416 727 4476 et
752 4409 930 4493 obligando
956 4432 993 4480 se
1017 4413 1104 4481 idem
1125 4417 1239 4484 Bonch
1266 4425 1299 4484 et
1324 4421 1471 4506 ejusdem

355 4517 494 4585 heredes
521 4516 742 4600 heredumque
767 4538 895 4586 suorum
927 4541 1134 4593 successores
1163 4546 1324 4613 processu
1348 4537 1470 4618 tempo·

355 4630 401 4696 ris
425 4627 557 4695 racione
574 4624 661 4691 dicte
682 4627 841 4694 sessionis
856 4629 1036 4712 prelibatus
1052 4634 1280 4721 magigistrum
1296 4639 1469 4708 Martinam
