3262 5242
10 1859 12 1870 ‚
108 1771 175 1834 ΙΙΙ.
192 1771 300 1837 Eadre
317 1769 422 1856 kiroly
437 1771 575 1853 Pdloak,
592 1772 676 1836 Recio
690 1771 899 1858 groffldnok,
912 1774 1052 1839 Prawaa
1068 1777 1150 1840 arod
1164 1774 1225 1842 bir-

467 1881 554 1945 torar
568 1881 752 1966 megerdeiti.
771 1883 867 1945 1290.

219 2096 287 2161 Nos
303 2091 452 2161 Andreas
469 2095 532 2161 Dei
549 2096 662 2182 grauia
685 2098 756 2162 Rex
774 2096 940 2183 Hungarie
957 2099 1114 2165 memorie
1140 2117 1225 2165 oom-

112 2201 308 2268 mendantes
325 2201 554 2290 significamus,
573 2204 689 2286 quibus
707 2205 839 2291 expedit
853 2206 1027 2292 uniuersis,
1045 2208 1134 2290 quod
1148 2206 1225 2274 lieet

111 2311 153 2374 in
188 2312 556 2397 congregacione
592 2312 805 2397 generali
844 2331 982 2397 supra
1015 2314 1226 2381 Veterem

110 2419 168 2484 Bu
181 2417 273 2484 dam
297 2421 481 2487 celebra
492 2427 535 2487 ta
558 2441 667 2486 eoram
684 2420 925 2488 venerabilibus
942 2420 1092 2507 patribus
1108 2422 1221 2488 Archi-

112 2527 284 2611 episeopis,
307 2528 499 2612 episcopis,
523 2534 555 2594 et
571 2528 718 2594 omnibus
735 2529 807 2596 aliis
823 2529 1046 2597 Roolesiarum
1070 2529 1224 2612 Prelatis,

110 2635 301 2714 Beronibus,
328 2636 516 2718 comitibus,
536 2655 594 2720 per
618 2637 790 2703 uniuersos
809 2636 912 2722 Regni
936 2637 1064 2703 nobiles
1082 2638 1227 2705 extiterit

111 2743 196 2809 inter
212 2750 321 2811 uetera
338 2744 513 2828 spetialius
531 2744 724 2830 ordinatum,
749 2751 784 2808 ut
801 2744 952 2812 uniuerse
968 2751 1055 2811 terre
1072 2744 1224 2812 vduorni-

111 2869 221 2917 eorum
236 2858 427 2938 nostrorum,
450 2859 483 2918 et
500 2851 687 2937 spetialiter
701 2858 785 2918 terre
801 2851 844 2917 ud
860 2851 975 2936 predia
988 2860 1102 2920 nostra
1119 2854 1225 2940 Rega-

109 2959 155 3024 lia
165 2960 369 3046 pertinencia
385 2956 470 3048 (tgy)
491 2959 533 3024 ad
545 2959 814 3045 jurisdiooionem
829 2959 964 3041 Regiam
988 2959 1222 3046 deuoluantur;

109 3074 224 3133 tamen
242 3068 320 3151 quia
338 3069 458 3136 Paulus
469 3067 553 3135 filius
572 3068 706 3138 Comitis
722 3069 813 3134 Reok
823 3064 864 3135 de
881 3068 1066 3136 Thwrowoz
1079 3089 1151 3136 oum
1167 3088 1220 3136 oo·

12 3173 17 3188 '
109 3177 220 3260 gnatis
237 3187 269 3243 et
285 3179 384 3244 sociis
401 3177 479 3260 suis,
496 3178 649 3266 videlieet
663 3176 819 3260 magistro
830 3177 958 3242 Joanne
972 3174 1038 3242 filio
1051 3177 1215 3263 Mykonis,

109 3286 202 3352 Beke
218 3277 285 3352 filio
310 3286 443 3352 Comitis
459 3284 609 3368 Emerioi,
628 3290 661 3350 et
676 3285 813 3352 Ni'oolao
828 3286 895 3353 filio
912 3282 1048 3372 Chyma,
1065 3285 1224 3372 magistro

109 3393 318 3478 Leustaohio,
335 3391 471 3461 Nicolao
488 3393 552 3461 filio
563 3393 668 3480 Gyge,
682 3393 806 3478 Bydow
821 3392 888 3459 filio
899 3389 1034 3458 Comitis
1045 3393 1222 3478 Bogmerij,
1240 3479 1246 3488 ⁸

110 3503 206 3569 Petro
221 3501 287 3568 filio
303 3501 430 3587 Mykus,
447 3502 482 3568 in
499 3499 754 3568 conservaoione
771 3499 868 3567 oastri
885 3499 926 3568 de
942 3499 1074 3586 Zolwm,
1091 3500 1222 3568 domino

110 3612 200 3696 Rege
217 3608 375 3676 Ladizlao
391 3611 492 3678 tratre
507 3617 618 3676 nostro
630 3608 821 3675 charissimo
837 3608 924 3675 bone
935 3610 1090 3676 memorie
1105 3609 1146 3674 de
1161 3629 1225 3676 me

20 3761 25 3768 -
111 3719 163 3784 dio
181 3718 324 3800 sublato,
342 3717 435 3784 nobis
453 3724 484 3783 et
499 3719 613 3801 Regno
630 3724 739 3785 nostro
766 3715 1027 3801 graoiosissimos
1044 3724 1077 3784 et
1104 3716 1222 3786 fidelis·

111 3826 211 3894 simos
226 3825 386 3911 impendit
401 3827 596 3909 famulatus,
613 3846 671 3893 nos
688 3827 838 3912 inspeota
854 3824 959 3910 ipsius
975 3825 1143 3912 fidelitate,
1161 3828 1222 3892 Re-

110 3935 198 4018 giam
224 3941 259 4000 vt
284 3933 378 4001 decet
402 3936 624 4018 Maiestatem,
658 3937 832 4018 quamdam
858 3934 1104 4020 possessionem
1129 3952 1223 4003 suam

110 4044 253 4110 Pravma
268 4049 420 4111 vocatam
435 4063 508 4109 oum
523 4044 592 4111 suis
609 4044 842 4130 pertinenoijs,
869 4064 966 4129 quam
984 4064 1026 4112 ex
1041 4044 1221 4110 collacione

110 4151 233 4219 domini
247 4153 347 4237 Regis
363 4151 511 4218 Ladizlai
536 4154 641 4220 tenuit
658 4160 690 4219 et
705 4151 853 4238 possedit
867 4171 969 4237 voque
995 4152 1112 4238 modo,
1129 4153 1223 4222 relin-

109 4261 250 4348 quimus,
267 4259 416 4326 dedimus
433 4266 466 4325 et
482 4259 670 4328 donauimus
687 4258 795 4327 eidem
811 4257 930 4325 comiti
945 4261 1046 4325 Paulo
1063 4267 1222 4348 perpetuo

110 4377 143 4439 et
158 4369 420 4436 irremeabiliter
429 4367 670 4456 possidendam,
688 4375 720 4436 et
736 4375 891 4456 cognatos
903 4387 979 4437 suos
996 4374 1030 4437 et
1046 4368 1155 4439 sotios
1171 4390 1222 4436 su-

100 4475 221 4563 perius
236 4477 437 4562 nominatos,
465 4484 498 4542 et
514 4477 597 4544 alios
614 4497 695 4562 quos
712 4477 805 4547 nobis
821 4476 880 4544 illa
894 4476 966 4544 vioe
991 4478 1084 4544 nobis
1101 4477 1222 4546 dixerit

112 4585 302 4667 seruiuisse,
318 4587 405 4654 omni
421 4585 600 4652 dileooione
617 4592 650 4652 et
665 4587 778 4653 fauore
798 4585 901 4672 Regio
915 4604 1165 4670 prosequemur;
1190 4593 1223 4652 et

112 4695 171 4763 hee
188 4693 298 4762 omnia
316 4691 421 4761 eidem
436 4694 642 4780 promisimus
666 4713 861 4763 conseruare
877 4701 911 4762 et
925 4700 1037 4762 tenere
1054 4693 1134 4762 data
1148 4692 1221 4758 fide.

162 4840 260 4883 uorans
271 4836 350 4881 none.
364 4835 585 4879 msa-nmero.
807 4860 808 4863 ,
1074 4823 1091 4884 1
