3188 5238
915 373 959 442 64

859 472 1022 484 ...-—-.·-

387 591 447 658 pos
464 568 550 659 (igy)
563 571 680 640 mentis
696 572 773 639 vina
784 592 876 642 uoce.
894 574 1031 641 Domum
1048 571 1081 636 in
1098 570 1211 639 mortis
1222 569 1359 637 articulo
1375 566 1500 654 procla·

386 679 488 748 mauit
520 681 648 766 publice
679 678 921 747 ordinacionem
947 698 1005 746 scu
1032 679 1242 747 collacioncm
1269 679 1311 745 de
1341 677 1502 763 premissa

383 787 703 873 posscssione'lurnc
714 785 922 877 vocatctrgy)
932 807 1035 876 penes
1047 786 1183 856 eandem
1193 787 1377 854 Ecclesiam
1388 783 1501 855 Sancti

330 921 337 932 ·
389 893 574 964 Soluntoris
590 893 622 959 in
640 895 747 962 anime
764 915 821 965 suc
838 903 871 962 ct
886 915 1017 964 suorum
1033 901 1204 981 parentum
1223 894 1417 980 suffragium
1432 913 1502 978 per·

386 1010 484 1089 petuo
501 1023 684 1084 remanere,
702 1004 848 1072 ciusdem
865 1003 1090 1090 possessionis
1100 1003 1246 1078 dominio
1263 1003 1306 1070 ad
1322 1003 1429 1087 ipsam
1445 1002 1502 1067 Ee

389 1111 524 1180 clesicm
543 1111 656 1180 Sancti
671 1111 853 1181 saluatoris
873 1133 913 1178 ex
929 1110 962 1178 ui
974 1109 1060 1196 juris
1077 1115 1281 1196 patronatus,
1302 1110 1422 1176 nullius
1448 1127 1504 1174 suc

388 1218 600 1304 cognacionis
612 1217 831 1306 participante
842 1220 1023 1304 censorem,
1034 1219 1222 1306 spetialiter
1238 1225 1272 1286 et
1281 1216 1506 1306 principaliter

389 1326 555 1396 deuolute.
574 1317 642 1394 Nos
669 1329 778 1412 itaque
794 1329 912 1398 litteris
934 1327 1083 1394 omnibus
1100 1334 1132 1394 et
1148 1327 1365 1410 munimentis,
1383 1332 1419 1392 ct
1434 1345 1505 1412 prc-

392 1434 550 1515 misimus,
564 1435 717 1520 perlectis
742 1437 775 1503 in
793 1437 896 1504 nostri
921 1435 1092 1522 presencia
1115 1441 1148 1500 ct
1167 1434 1297 1520 plenius
1321 1433 1505 1516 intellectis,

390 1542 530 1609 cundem
546 1543 735 1628 magistrum
754 1545 850 1612 Haab
867 1545 1073 1630 Prepesitum
1091 1550 1124 1610 et
1140 1543 1257 1612 iratres
1269 1562 1357 1627 suos,
1375 1542 1507 1628 Capitu-

390 1651 458 1718 lum
484 1649 639 1717 vidclicct
664 1651 811 1719 Ecclesic
827 1652 1040 1721 Pcscniensis
1057 1651 1089 1718 in
1107 1651 1308 1736 corporalem
1327 1651 1507 1736 possessio·

392 1779 466 1826 nem
482 1757 628 1826 eiusdem
644 1758 752 1826 Turno
768 1781 806 1826 ce
829 1761 1065 1846 pertinencium
1086 1760 1129 1828 ad
1146 1759 1284 1827 candem
1302 1779 1360 1845 per
1376 1761 1507 1828 Petrum

392 1867 607 1951 presbiterum
632 1864 762 1940 fidelem
779 1866 993 1954 Capelianum
1014 1875 1170 1950 nostrum,
1186 1871 1219 1932 et
1238 1886 1296 1952 pcr
1314 1868 1391 1955 Vyd
1407 1865 1507 1934 filium

393 1972 528 2042 Comitis
553 1975 658 2042 (leeth
682 1974 723 2042 de
740 1975 891 2060 Spaecha
917 1973 1112 2044 familiarem
1128 1980 1273 2044 nostrum
1290 1976 1446 2042 duximus
1462 1977 1507 2042 in·

394 2081 572 2150 ducendos.
601 2081 721 2152 Datum
747 2083 903 2170 strigonij
921 2102 1008 2153 anno
1024 2082 1156 2150 Domini
1182 2082 1232 2150 Μυ
1248 2081 1319 2151 00⁰
1334 2083 1508 2153 Lxxxx⁰

396 2190 541 2259 secundo
558 2190 591 2259 iu
607 2189 690 2260 sesto
706 2190 945 2260 Purificationis
960 2193 1063 2261 Beate
1081 2190 1233 2278 Virginis.

399 2384 532 2457 (Hartya.
546 2384 686 2460 HttuIJrln
700 2403 717 2442 a
730 2403 807 2458 nagy
821 2379 979 2459 pccsc'tne'lr
991 2387 1057 2461 (sig.
1071 2386 1227 2456 Maiestat.)
1241 2403 1356 2458 uyoma.
1369 2385 1506 2459 Ponsony·

476 2475 627 2547 keptalani
640 2474 876 2548 maganleveltar
889 2473 986 2549 Capsa
999 2477 1031 2536 (i.
1045 2477 1127 2534 Fasc.
1140 2477 1166 2534 4.
1179 2478 1247 2536 Nro.
1260 2479 1304 2533 36.
1321 2480 1441 2546 linear.)
1568 2500 1571 2505 ·
