3166 5238
875 251 1024 356 aaa

386 473 449 524 neo
464 471 529 522 uon
543 449 831 542 prosecutionibus
847 457 880 520 et
899 451 1115 541 processibus
1130 447 1253 522 habitis
1269 467 1367 538 super
1382 452 1488 537 eis,aut

386 558 415 629 si
424 559 588 644 aliquibus
598 559 830 646 euiusoumque
839 557 1027 643 eminentie,
1044 555 1177 643 ordinis,
1188 555 1384 626 oouditiouis
1399 566 1429 627 et
1436 569 1487 629 sta·

386 677 439 737 tus
455 669 674 740 ecelesiastici
698 670 753 741 vol
770 668 935 754 mundani,
954 667 1054 736 etiam
1080 666 1110 736 si
1126 666 1295 754 Imperiali
1320 675 1377 735 aut
1390 670 1487 755 Regali

387 776 549 864 dignitate
564 780 785 868 prefulgeant,
805 796 828 845 a
841 777 973 866 prelata
990 773 1077 846 Sede
1093 775 1255 844 indultum
1271 777 1402 860 existat,
1417 776 1487 859 quod

388 888 675 973 excommunicari,
688 885 844 973 suspendi
853 887 906 952 vel
916 883 1071 952 interdici
1086 905 1154 954 non
1169 885 1295 970 possint
1310 903 1368 971 per
1382 885 1488 952 litteras

388 994 609 1081 apostoliens,
626 1015 690 1064 nou
709 993 871 1064 faeieutes
887 995 1020 1081 plenam
1036 1001 1070 1062 ιι
1080 1011 1284 1080 expressam,
1301 1012 1342 1061 ae
1360 993 1399 1060 de
1411 991 1489 1059 verbo

389 1101 584 1172 adverbum
609 1103 652 1172 de
666 1102 792 1172 indulto
817 1103 1005 1172 huiusmodi
1030 1103 1084 1172 rel
1101 1121 1213 1172 eorum
1237 1100 1408 1188 personis,
1425 1097 1488 1168 loeis

389 1215 448 1276 aut
464 1209 635 1280 ordinibus
660 1213 878 1299 mentionem,
897 1231 957 1284 seu
973 1210 1122 1298 qualibet
1148 1210 1217 1280 alia
1243 1209 1333 1278 diete
1353 1209 1441 1280 Sedis
1454 1209 1489 1274 iu·

389 1318 559 1403 dulgentia
574 1321 722 1405 generali
733 1323 787 1388 rel
799 1318 951 1407 spooiali,
968 1319 1031 1388 sub
1047 1338 1239 1404 quaouuque
1250 1316 1356 1386 forma
1370 1319 1420 1388 vel
1434 1335 1490 1386 oon·

390 1427 543 1514 oeptioue
568 1431 738 1502 verborum
756 1429 799 1498 ab
823 1429 941 1499 eadem
957 1430 1045 1498 Sede
1062 1449 1232 1514 oouoessa,
1245 1447 1305 1518 per
1321 1446 1417 1514 quam
1436 1443 1491 1513 pre·

390 1535 538 1604 sentibus
549 1557 615 1607 nou
631 1555 825 1625 expressam
840 1539 893 1608 vel
909 1538 1058 1608 totaliter
1072 1556 1136 1607 uon
1155 1538 1326 1622 insertam,
1344 1555 1446 1604 earum
1458 1535 1491 1602 el·
1551 1629 1552 1632 Ἴ

390 1644 497 1714 ieotus
511 1644 667 1731 impediri
676 1647 789 1716 valeat
804 1647 858 1716 vel
874 1645 1010 1732 diiierri,
1027 1654 1061 1715 ιι
1075 1647 1118 1716 de
1135 1646 1253 1731 quibus
1269 1664 1444 1734 quorumve
1456 1649 1491 1714 to·
1551 1645 1552 1690 ³

391 1756 435 1824 tis
449 1753 620 1824 tenoribus
636 1753 680 1822 de
695 1755 795 1825 uerbo
811 1756 1008 1825 adverbum
1025 1763 1127 1844 oerta,
1145 1755 1313 1843 speoialis,
1331 1753 1492 1841 plorabo
1551 1829 1552 1832 Ἴ

391 1863 569 1934 terminata
587 1867 621 1930 et
637 1881 798 1949 expressa
813 1864 847 1930 in
863 1865 988 1934 nostris
1004 1864 1126 1934 litteris
1142 1865 1267 1934 mentio
1283 1864 1329 1933 sit
1354 1859 1492 1934 habenda

390 1974 514 2042 Datum
538 1973 696 2041 Laterani
721 1973 761 2040 V.
786 1971 950 2044 kalendas
967 1972 1158 2062 Februarii,
1183 1973 1398 2043 Pontifioatus
1411 1967 1492 2041 nostri

392 2097 481 2151 anuo
497 2079 623 2166 quinto.
1551 2081 1552 2090 ‘

499 2191 538 2258 Iu
564 2209 593 2258 ι.
619 2211 661 2259 m.
678 2189 808 2260 dileetis
823 2187 902 2260 filiis
918 2193 1071 2278 capitulo
1095 2191 1246 2262 Eoolssie
1271 2189 1492 2279 strigoniensis.

393 2295 628 2368 Preteritorum
654 2297 813 2369 exhibitio
839 2303 901 2367 eto.
928 2306 963 2368 ut
978 2299 1013 2368 iu
1028 2299 1220 2388 preoedeuti
1235 2301 1388 2385 proxima
1409 2297 1495 2368 serbis

394 2411 617 2492 oompetentsr
633 2409 787 2497 mutatis,
803 2429 908 2494 usque
925 2417 1016 2479 esset
1030 2409 1196 2478 habenda.
1214 2409 1378 2489 Quooirea
1394 2409 1495 2474 unirer·

393 2513 486 2582 sitati
495 2523 605 2585 vestre
614 2537 674 2605 per
682 2519 875 2603 Apostolioa
885 2519 1010 2603 seripta
1020 2518 1228 2604 mandamus,
1239 2526 1402 2604 quatenus
1412 2515 1495 2585 siden

396 2621 559 2709 Gregorio
574 2633 730 2710 nuquam
748 2627 960 2695 Proouratori
976 2627 1065 2694 diota
1081 2624 1318 2711 Strigouiensis
1336 2624 1497 2695 Eoelesiea

394 2731 501 2810 nobis,
518 2737 554 2801 ut
573 2733 761 2821 predieitnr,
778 2734 942 2819 ordinato,
958 2736 1117 2822 quamdiu
1132 2735 1403 2822 proourationem
1417 2738 1445 2801 et
1457 2728 1496 2799 ad·

394 2838 671 2910 ministrationem
686 2842 790 2932 ipsius
806 2846 957 2931 gesserit,
982 2845 1151 2914 humiliter
1165 2844 1389 2930 intendentes,
1405 2861 1440 2910 ao
1459 2860 1497 2908 ex·

395 2947 549 3018 bibentes
564 2950 597 3019 ei
611 2949 834 3020 obedientiam
858 2960 892 3021 et
906 2953 1124 3022 reverentiam
1139 2953 1287 3022 debitam
1311 2960 1348 3020 ιι
1363 2953 1496 3030 devotam,

398 3053 469 3122 eius
484 3054 633 3123 salubria
650 3059 774 3127 monita
793 3063 827 3124 et
837 3059 995 3127 mandata
1007 3061 1199 3145 suseipiatis
1216 3062 1346 3148 devote,
1363 3079 1402 3128 ao
1416 3059 1498 3127 effioa·

398 3163 480 3232 oiter
500 3162 685 3249 adimplere
701 3169 823 3235 euretis
839 3189 846 3230 ι
872 3169 1019 3254 alioquin
1035 3167 1244 3256 senteutiam,
1265 3189 1366 3256 quam
1382 3169 1461 3239 idem
1471 3161 1498 3231 (i.

395 3271 460 3338 rite
475 3271 586 3340 tulerit
601 3271 635 3338 iu
651 3274 803 3360 rebelles,
814 3275 1136 3363 ratambabebimus,
1153 3286 1187 3349 et
1202 3278 1376 3365 faeiemus,
1392 3281 1498 3348 auotore

397 3379 559 3460 Domino,
585 3383 750 3467 usquead
776 3381 1038 3454 satisfactionem
1066 3388 1265 3475 condignam
1288 3381 1498 3457 inuiolabiliter

399 3489 579 3570 observari,
595 3490 718 3559 Datum
733 3493 891 3562 Laterani
906 3495 945 3562 V.
969 3495 1134 3565 kalendas
1151 3497 1337 3585 Februarii,
1354 3491 1497 3563 Ponrilea

396 3602 450 3665 tus
466 3596 571 3666 nostri
585 3615 672 3666 auno
689 3602 812 3684 quinto.

490 3704 546 3771 -Iu
572 3723 600 3771 e.
617 3727 659 3772 m.
676 3706 772 3776 (llere
789 3708 942 3778 diritatis
959 3720 992 3779 ιι
1006 3713 1162 3784 Dioossis
1181 3714 1426 3802 Strigoniensis.

509 3811 548 3878 ln
574 3831 602 3879 ι.
618 3835 660 3882 m.
677 3813 807 3886 dileetis
823 3819 902 3888 filiis
917 3823 1043 3908 populo
1060 3822 1212 3894 civitatis
1230 3831 1264 3893 et
1278 3823 1430 3892 Diooesis
1444 3817 1499 3889 Stri-

401 3919 582 4008 gouieusis.
599 3923 830 3996 Preteritorum
856 3930 1016 4000 exhibitio
1033 3942 1094 4002 ιιι.
1113 3936 1197 4003 utin
1216 3934 1412 4023 preoedenti
1424 3942 1499 4011 usust

399 4029 521 4099 mentio
531 4029 575 4100 sit
584 4031 750 4102 habenda.
762 4035 923 4114 Quooiroa
934 4041 1140 4114 universitati
1149 4053 1261 4115 vestre
1270 4032 1500 4132 parapostolis

401 4137 526 4222 seripta
546 4140 740 4211 mandamus
751 4151 935 4228 quantenus
945 4149 1085 4218 eundem
1102 4153 1141 4222 G
1159 4161 1321 4242 tauquam
1337 4157 1501 4231 Proouralt

401 4263 473 4312 rem
488 4244 576 4315 diote
587 4249 823 4334 strigoniensis
834 4255 986 4325 Euolesie
996 4259 1133 4345 anobis,
1144 4268 1180 4330 ut
1190 4268 1383 4357 predicitur,
1393 4267 1498 4338 ordina·

401 4356 481 4435 tum,
493 4355 649 4436 quamdiu
658 4361 921 4444 procurabouem
931 4371 964 4432 ιι
974 4365 1318 4444 admrmstratronem
1309 4379 1413 4464 1psrus
1422 4391 1500 4464 gealt

398 4457 442 4522 rit
443 4460 667 4544 ,reeipieutes
683 4466 804 4538 deuote
828 4479 861 4540 et
876 4471 997 4543 deuota
1013 4475 1267 4552 honorifioeutia
1283 4489 1500 4572 prosequentes

402 4562 508 4650 ipsius
534 4572 666 4643 monitis
691 4583 725 4643 et
749 4579 913 4650 mandatis
939 4585 1131 4658 salubribus
1148 4589 1317 4662 humiliter
1340 4593 1500 4666 intendatis
