3188 5238
615 311 769 426 ’ΒΑ

128 503 262 574 litteras
287 507 388 594 sigilli
402 511 505 577 nostri
530 509 708 580 munimine
723 516 904 583 roboratus.
930 517 1053 584 Datum
1079 537 1166 586 anuo
1185 519 1251 586 Do·

129 613 213 680 mini
228 616 272 682 hl.
290 615 353 686 CC.
370 620 585 704 nonagesimo
602 621 725 704 quinto.

130 805 343 880 (Snahadoaott
354 811 486 886 hartyan.
499 813 527 870 A
539 813 639 886 penset
651 817 800 884 elvestatt.
813 817 1097 892 Poasonylraptalani
1111 819 1247 894 ursnagos

330 902 460 964 leveltbr.
475 903 572 978 Capsa
583 905 660 964 XIV.
673 911 756 966 Pasa.
769 909 794 964 2.
809 911 876 967 Nro.
890 910 914 966 7.
939 909 1053 982 Krane.)

609 1197 799 1208 -..μ-«ι...
806 1199 819 1207 -

667 1737 722 1801 85.

126 1931 161 1996 A
176 1931 377 2018 nopyociradi
392 1931 547 2017 kdptaluu
558 1934 830 2022 biaouysdpievele,
848 1935 926 2021 hopy
944 1936 1060 2000 Miletos
1076 1939 1107 2001 a‘s
1122 1937 1247 2002 Farbas

118 2042 199 2126 fiai,
219 2038 336 2104 Milies
353 2039 479 2128 muffet,
499 2043 580 2128 Tyba
597 2043 713 2128 fiduol,
738 2045 951 2128 Foketeputole
967 2043 1139 2109 timothea
1162 2048 1249 2110 trent

510 2173 600 2236 appot
615 2152 743 2217 kednele.
767 2153 866 2219 1295.

239 2347 395 2416 Omnibus
411 2348 531 2417 Christi
547 2348 698 2416 fidelibus
709 2351 916 2434 presentibus
941 2351 1066 2436 pariter
1085 2357 1118 2417 et
1133 2351 1250 2418 futuris

129 2457 319 2546 Capitulum
335 2456 484 2523 Euolesie
508 2456 737 2525 Waradiensis
753 2459 960 2543 presentium
986 2459 1141 2526 notieiam
1157 2459 1250 2527 habi-

129 2566 214 2633 turis
231 2566 371 2632 salutem
396 2563 429 2629 in
446 2565 586 2631 omnium
613 2567 790 2634 saluatore.
806 2566 1177 2637 Notieie-vuiuersorum
1193 2569 1250 2636 ha-

130 2695 204 2742 rum
220 2675 305 2741 serie
321 2675 470 2740 uolumus
487 2674 668 2758 desieram,
680 2675 766 2758 quod
777 2676 947 2743 Dominioo
963 2684 996 2742 et
1011 2677 1179 2746 Demetrio
1190 2675 1249 2745 Co-

129 2783 265 2850 mitibus
282 2782 359 2849 tiliis
374 2781 526 2868 Nyoolai,
547 2801 587 2848 ao
604 2785 698 2850 Petro
709 2782 775 2850 filio
792 2783 952 2851 Johannis
962 2785 1021 2850 filii
1037 2785 1190 2871 Farkasij
1207 2785 1250 2850 ab

128 2912 198 2958 una
213 2898 327 2978 parte;
343 2893 419 2956 item
444 2891 569 2959 Gemite
594 2893 742 2978 Nyoolao
759 2892 826 2958 filio
847 2893 941 2978 Tybe
957 2877 999 2958 ab
1008 2896 1124 2976 ¹ultera
1140 2913 1248 2961 eoram

128 2999 229 3066 nobis
245 3000 460 3084 personaliter
486 2999 689 3082 eonstitutis,
715 2999 815 3084 ijdem
841 3000 1040 3080 Dominious,
1064 3003 1250 3070 Demetrius
1306 3005 1308 3010 '

129 3118 166 3177 et
181 3111 298 3177 Petrus
315 3111 460 3179 Comites
477 3131 574 3195 snper
599 3109 688 3178 sueto
715 3119 800 3176 terre
818 3130 876 3178 seu
902 3111 1122 3196 possessionis
1139 3110 1250 3178 Feke-

130 3221 290 3305 teupotok
305 3228 423 3288 uoeate
439 3221 473 3286 in
489 3219 651 3288 Comitatu
679 3220 721 3287 de
741 3220 892 3302 Wgooha
909 3221 1090 3306 existentis,
1108 3237 1167 3304 pro
1185 3239 1251 3302 qua

128 3335 246 3395 eontra
260 3330 366 3414 ipsum
382 3329 541 3396 Comitem
557 3327 738 3415 Nyeolaum
754 3327 855 3394 filium
880 3327 976 3416 'Pybe
996 3327 1173 3412 judieiario
1199 3347 1250 3394 or·

129 3437 210 3504 dine
226 3439 407 3523 proaedere
417 3437 640 3522 intendebant,
653 3451 689 3503 ut
705 3436 866 3522 dixerunt,
887 3437 963 3520 quia
979 3457 1000 3505 a
1016 3435 1249 3504 oommetaneis

128 3552 166 3612 et
180 3547 298 3613 vieinis
315 3548 402 3615 diota
428 3548 648 3634 possessionis
663 3547 937 3634 Feketeupotoh,
962 3552 995 3614 et
1010 3545 1198 3630 specialiter
1214 3545 1248 3611 in

129 3656 305 3740 priuilegio
330 3656 451 3722 domini
475 3657 633 3741 Stephani
657 3657 756 3740 Regis
771 3656 940 3741 Hungarie
965 3654 1071 3724 felinis
1099 3651 1249 3722 reeorda-

131 3765 240 3833 oionis
258 3765 502 3851 comperissent,
519 3765 623 3850 ipsam
634 3765 884 3850 possessionem
900 3784 942 3831 ex
957 3764 1138 3833 donatione
1163 3763 1250 3830 eius-

130 3873 207 3942 dem
225 3874 350 3942 domini
366 3873 527 3962 Stephani
546 3877 647 3959 Regis
673 3896 733 3961 per
749 3875 857 3962 ipsum
883 3875 1040 3943 Comitem
1065 3873 1249 3960 Nyoolanm

130 3981 235 4051 hlium
249 3982 344 4069 Tyba
359 4003 418 4068 pro
435 3983 587 4052 fidelibus
604 3984 754 4055 seruieiis
765 3984 833 4053 suis
850 3990 883 4052 et
901 3981 1073 4067 sanguinis
1090 3979 1248 4051 effusione
1325 4007 1327 4010 ·

128 4092 324 4159 multimoda
340 4090 441 4159 fuisse
457 4109 646 4178 possessam
656 4145 665 4179 ,
693 4112 777 4175 quas
795 4092 926 4178 quidem
951 4093 1078 4158 litteras
1095 4089 1166 4156 siue
1182 4088 1246 4173 pri-

128 4199 291 4282 uilegium
307 4201 386 4268 dieti
403 4201 526 4269 domini
544 4201 707 4289 Stephani
731 4202 832 4287 Regis
853 4221 951 4287 super
967 4199 1147 4266 eollaoione
1164 4199 1247 4265 eius·

132 4309 212 4377 dem
229 4309 450 4394 possessionis
460 4309 715 4398 Feheteupotok
725 4309 901 4392 confectas,
919 4316 951 4376 et
965 4305 1061 4375 uobis
1071 4326 1131 4394 per
1141 4307 1248 4393 ipsum

137 4418 300 4486 Comitem
316 4418 503 4506 Nyoolaum
530 4418 691 4486 exhibitas
707 4417 931 4485 fideuidimus
957 4418 1107 4484 oooulata
1118 4412 1120 4418 ’
1132 4421 1165 4483 et
1179 4437 1250 4502 per-

130 4527 282 4613 legimus,
298 4529 414 4614 preoia
430 4529 561 4595 raoione
577 4527 679 4614 ijdem
696 4527 840 4597 Comites
858 4526 1004 4611 opinioni
1020 4532 1053 4593 et
1068 4525 1246 4594 intensioni

129 4655 243 4704 eorum
257 4639 290 4704 in
304 4637 369 4705 hae
384 4643 479 4724 parte
494 4637 716 4726 resipuissent,
739 4657 815 4724 ymo
832 4635 908 4722 quia
923 4637 1048 4704 eisdem
1063 4631 1138 4720 ipsa
1154 4652 1243 4719 pos·
