3188 5238
965 963 1017 1030 tt.

439 1175 527 1244 VIII.
544 1173 703 1261 Boaa'fdoz
714 1181 806 1266 pcipe
820 1178 935 1244 Jdnost
957 1177 1098 1245 holocaoa'
1112 1181 1227 1246 becket
1237 1165 1451 1266 faljoqoattjo‚
1466 1180 1542 1266 bopy

430 1307 468 1348 oz
484 1282 584 1348 aaran
610 1287 677 1350 leod
692 1286 822 1372 apybdac'
837 1287 1077 1373 tartomdoyboa
1093 1292 1135 1352 ttz
1151 1287 1280 1374 epybdza'
1296 1289 1403 1372 appetat
1418 1286 1540 1351 azblotd·

578 1393 633 1457 edla
649 1391 922 1479 tdrodnytalooadpa
946 1389 1011 1456 aldl
1022 1389 1269 1478 falmeotbeaaoa.
1287 1392 1383 1456 1295.

536 1586 726 1654 Bonifaoius
753 1587 936 1672 Episcopus
963 1607 1076 1656 seruus
1095 1607 1260 1657 seruorum
1286 1590 1348 1655 Dei
1364 1590 1541 1656 venerabili

431 1697 521 1765 fratri
537 1695 678 1764 Iohanni
706 1694 961 1782 Arcbiepisoopo
979 1696 1153 1764 (lolocensi
1170 1697 1308 1764 salutem
1332 1705 1365 1764 et
1380 1698 1540 1782 Apostoli·

430 1825 500 1871 eam
517 1804 786 1872 benedictionem.
806 1803 851 1870 Ut
867 1823 906 1872 eo
931 1805 1055 1888 gratior
1081 1803 1252 1885 habearis,
1271 1823 1334 1886 quo
1351 1805 1540 1874 maiorema

428 1913 523 1981 nobis
548 1914 686 1995 gratiam
719 1912 819 1980 fueris
848 1919 1060 1994 consecutus,
1088 1913 1304 1998 dispensandi
1330 1933 1402 1981 cum
1434 1915 1539 1980 decem

428 2020 555 2089 clericis
571 2019 710 2106 ydoneis
726 2026 780 2086 tue
799 2019 970 2087 Provincia
981 2019 1149 2088 defectum
1164 2021 1322 2088 natalium
1333 2021 1537 2105 patientibus,

426 2136 539 2217 utpote
555 2129 596 2194 de
613 2128 729 2198 solutis
744 2127 937 2213 parentibus
953 2147 1011 2196 seu
1036 2130 1177 2214 clericis,
1196 2130 1297 2194 etiam
1323 2131 1356 2194 in
1373 2129 1476 2196 sacris
1493 2149 1536 2194 or·

427 2238 557 2306 dinibus
576 2238 658 2306 oitra
674 2237 893 2306 sacerdotium
910 2239 1105 2324 constitutis,
1123 2237 1244 2323 genitis
1261 2245 1293 2305 et
1312 2237 1440 2323 solatis,
1456 2236 1538 2319 quod
1584 2289 1586 2324 J

426 2345 611 2415 huiusmodi
627 2367 690 2412 non
708 2345 860 2412 obstante
882 2347 1012 2413 delectu
1030 2367 1142 2415 eorum
1158 2347 1295 2431 quilibet
1312 2345 1355 2412 ad
1371 2365 1480 2413 omnes
1495 2365 1537 2411 or·
1584 2327 1586 2356 ἶ

427 2456 520 2524 dines
537 2452 721 2539 promoveri
732 2452 853 2537 valeat,
871 2462 904 2519 et
914 2453 1061 2520 obtinere
1071 2451 1261 2522 beneficium
1272 2452 1537 2536 ecclesiasticum,

425 2564 524 2631 etiam
542 2565 571 2632 si
587 2581 695 2630 curam
712 2561 833 2628 babeat
847 2563 1038 2646 animarum,
1055 2563 1229 2630 dummodo
1246 2560 1342 2629 iidem
1355 2562 1466 2628 cleriei
1480 2581 1538 2629 non

425 2673 491 2739 sint
507 2675 548 2742 de
566 2672 693 2738 incestu
718 2673 770 2738 vel
786 2672 992 2756 regularibus
1008 2674 1179 2758 procreati,
1195 2677 1228 2736 et
1245 2677 1384 2758 paterne
1409 2671 1536 2738 incauti·
1583 2727 1584 2760 p

423 2782 532 2848 nentia
549 2788 743 2860 sectatores,
760 2780 819 2847 sed
835 2780 919 2846 bone
936 2781 1197 2849 conversationis
1209 2789 1241 2847 et
1257 2781 1332 2866 vite,
1351 2779 1537 2848 sufficientis
1582 2769 1584 2855 l

425 2890 562 2958 scientie
574 2897 607 2956 et
619 2889 716 2955 etatis
732 2888 887 2974 legitime,
906 2907 1004 2975 super
1020 2890 1137 2972 quibus
1148 2899 1238 2959 tuam
1254 2888 1452 2954 intendimus
1469 2909 1537 2956 con·
1581 2901 1582 2933 ³

425 2998 597 3064 seientiam
615 3015 763 3080 onorare,
782 2997 934 3082 aliasque
953 2998 1035 3082 ipsis
1060 2998 1179 3066 merita
1199 2998 1422 3083 suffragantur
1438 2999 1483 3065 ad
1497 2996 1537 3062 di·
1579 3083 1580 3089 η

426 3107 647 3192 spensationis
674 3105 813 3189 gratiam
840 3105 1071 3187 obtinendam,
1098 3107 1234 3176 liberam
1261 3107 1319 3172 tibi
1346 3107 1537 3174 auctoritate

423 3219 620 3304 presentium
632 3213 840 3284 concedimus
850 3215 1058 3283 facultatem:
1075 3217 1122 3282 ita
1133 3225 1252 3298 tamen,
1270 3215 1356 3298 quod
1369 3217 1535 3283 eorundem
1576 3267 1577 3290 p

424 3327 614 3395 clericorum
633 3326 789 3410 quilibet,
816 3326 903 3393 siout
926 3328 1068 3409 requiret
1083 3343 1166 3392 onas
1183 3322 1342 3410 beneficii,
1368 3324 1534 3407 quodcum
1574 3297 1577 3401 Ῑ

424 3440 497 3515 post
513 3435 794 3520 dispensationem
819 3434 1006 3503 huiusmodi
1035 3435 1184 3502 obtinere
1200 3430 1383 3516 eontigerit,
1401 3431 1445 3498 ad
1460 3431 1533 3498 ordi·
1573 3423 1575 3506 l

424 3559 484 3609 ues
502 3559 538 3608 se
562 3541 663 3608 iaciat
689 3542 819 3608 statutis
845 3541 1046 3626 temporibus
1063 3542 1257 3628 promoveri,
1275 3548 1308 3607 et
1324 3541 1532 3625 personaliter

423 3646 567 3715 resideat
584 3651 614 3713 in
631 3650 765 3734 eodem;
782 3649 932 3732 alioquin
949 3648 1116 3718 lactasibi
1133 3650 1252 3736 gratia,
1266 3650 1355 3732 qaod
1367 3650 1410 3714 ad
1426 3645 1530 3712 benefi-

423 3758 506 3822 cium
523 3758 629 3840 ipsum
651 3757 772 3825 nullius
789 3759 921 3843 penitus
938 3759 980 3823 sit
997 3759 1161 3826 momenti.
1178 3761 1297 3826 Datum
1316 3757 1464 3843 Anagnia
1478 3757 1527 3821 ba·

424 3863 533 3931 lendis
549 3862 638 3946 dolii,
655 3864 867 3932 Pontificatun
884 3866 988 3934 nostri
1005 3885 1092 3933 auno
1110 3864 1225 3949 primo.

424 4058 510 4130 (Vlll.
533 4056 673 4116 Bonifdcu
698 4060 779 4135 pdpa
792 4060 982 4135 Regestaibdl
1004 4060 1129 4222 ἸΞΙιοίιιετ
1154 4060 1338 4118 Monumenta
1362 4058 1413 4114 stb.
1431 4057 1451 4109 Ι.
1470 4057 1521 4110 lot.

929 4149 991 4208 380.
1004 4151 1022 4207 l

850 4440 992 4450 μω
1008 4441 1104 4447 .-...-..-.
