3166 5238
595 277 758 388 Q—

99 491 180 540 ram
196 463 321 557 lgneo,
338 473 427 540 unde
443 471 632 542 ascenditur
648 472 691 538 ad
707 472 794 537 baca
810 473 852 540 atl
870 478 938 540 tres
956 479 1074 559 metas,
1097 494 1235 559 quarum

96 598 174 645 una
190 585 242 646 est
251 579 405 666 Capituli,
424 583 530 648 altera
546 580 711 664 hospitum
728 579 770 648 tle
788 578 891 665 Iguen
907 588 939 648 et
955 582 1051 649 tertia
1069 582 1236 670 hospitum

98 687 150 754 de
162 689 306 758 Orakow
321 689 571 776 praedictorum,
587 689 645 756 ubi
660 689 776 776 incipit
788 695 902 756 tenere
913 695 1018 757 metas
1036 710 1108 758 cum
1125 692 1236 777 hospi·

97 796 199 864 tibus
215 797 258 864 de
274 795 426 889 broken,
443 803 475 867 et
490 818 550 889 per
565 797 653 864 idem
670 796 757 862 beroa
772 801 909 864 vertitur
919 799 1091 884 paulisper
1106 801 1151 868 ad
1168 821 1235 866 me·

99 905 240 990 ridiem‚
258 913 291 971 et
316 893 500 975 ascendens
518 907 562 972 ad
578 925 677 972 unam
693 911 813 972 metam
838 908 931 973 venit
946 906 991 974 ad
1016 907 1115 976 aliam
1133 909 1166 974 in
1183 928 1236 974 eo·

102 999 188 1081 clem
204 1014 291 1079 berea
301 1067 310 1101 ‚
334 1015 368 1082 in
385 1035 449 1099 quo
465 1015 611 1084 declinat
635 1015 753 1080 iterum
769 1014 815 1082 ad
831 1014 1009 1099 orientem,
1037 1022 1070 1082 et
1086 1015 1175 1084 venit
1192 1015 1237 1084 ad

99 1119 194 1188 duas
208 1129 314 1190 metus
331 1129 469 1210 torreas,
481 1121 569 1190 unde
586 1121 737 1190 ascendit
756 1143 816 1210 per
832 1122 964 1190 dorsum
980 1124 1101 1192 montis
1118 1125 1231 1194 Eleos-

98 1232 212 1298 Bsrcz
227 1232 340 1301 vocati
355 1232 399 1300 ad
415 1233 500 1300 duas
511 1239 628 1317 metas,
647 1230 725 1298 inde
743 1231 857 1298 eodem
868 1250 986 1318 gressu
1006 1231 1148 1300 adduas
1165 1252 1231 1300 me-

100 1342 174 1421 tas,
191 1339 279 1407 unde
295 1340 424 1409 venitur
440 1341 485 1410 ad
504 1340 715 1426 supercilium
733 1340 836 1424 ipsius
857 1341 943 1404 terea
963 1341 1009 1408 ad
1024 1349 1146 1410 metam
1162 1361 1236 1426 per·

101 1446 275 1534 foratam,
299 1447 420 1518 abinde
435 1450 610 1518 deseendlt
625 1449 669 1516 ad
686 1448 771 1516 duas
788 1455 893 1517 metas
906 1449 1005 1534 juxta
1023 1451 1129 1535 pirum
1147 1450 1235 1536 posi·

101 1560 162 1622 tas
176 1603 186 1639 ‚
201 1557 289 1625 unde
314 1557 406 1624 cadit
430 1557 464 1624 in
480 1558 653 1626 Morislum
678 1564 711 1624 et
735 1576 795 1641 per
811 1556 980 1626 Morisium
1003 1555 1176 1627 descendit
1192 1559 1237 1628 ad

101 1670 232 1734 metam
249 1665 393 1752 priorem
408 1671 500 1734 terra
516 1665 689 1735 Borbanth
704 1684 726 1732 a
742 1663 882 1734 meridie
891 1715 900 1750 ,
926 1671 1017 1734 terra
1033 1685 1112 1736 vero
1128 1667 1238 1756 hospi·

101 1779 179 1840 tum
194 1769 236 1840 de
254 1773 397 1844 crakow
413 1774 683 1861 aseptemtrione
702 1771 991 1844 remanentibus.“·

221 1966 363 2042 (Teutscb
376 1967 407 2029 ds
419 1967 583 2028 Pimbabor
592 1969 630 2026 id.
644 1987 681 2026 m.
693 1968 715 2024 Ι.
728 1969 789 2028 kur.
801 1968 935 2028 LXXXI.
949 1969 968 2024 l.
980 1969 1043 2028 376.
1055 1987 1095 2028 su.
1108 1966 1148 2037 a.)

544 2267 812 2282 m

644 2795 721 2861 140.

115 2991 215 3058 VIII.
232 2989 392 3077 Bonifdca
401 2993 495 3078 papa
511 2990 657 3078 (lerpctpt
672 2989 842 3058 coloretutt
866 2991 1048 3078 csztmpamt'
1063 2990 1187 3076 Irrekct,
1203 3011 1242 3056 ua

107 3101 299 3190 esztcrpumt'
314 3103 346 3166 er
361 3123 383 3165 a
398 3099 665 3186 sackmfcbercdrc'
681 3100 840 3187 cpybdaub
856 3099 1147 3186 bormuopartectbau
1161 3119 1242 3186 meq-

562 3208 678 3274 erb'citc‘.
698 3208 796 3275 1299.

223 3403 415 3476 Bonifacius
432 3405 617 3492 Episcopus
642 3423 758 3473 seruus
776 3425 944 3474 seruorum
957 3405 1021 3472 Dei
1037 3404 1158 3476 dilecto
1174 3401 1243 3474 lilio

110 3514 260 3601 Georgio
276 3513 390 3582 illecto
417 3514 640 3597 Strigoniensi
656 3515 796 3582 salutem
814 3520 847 3580 et
863 3512 1089 3599 Apostolicam
1106 3513 1243 3584 benedi·

111 3623 267 3693 ctionem.
283 3624 515 3696 Preteritorum
543 3623 702 3692 exhibitio
718 3630 903 3708 temporum
920 3621 1169 3692 admemoriam
1195 3640 1245 3690 re·

110 3737 237 3802 vocata
252 3729 464 3820 demonstrat,
487 3732 575 3816 quod
600 3733 711 3800 nobile
735 3734 887 3820 Regnum
909 3732 1056 3819 Ungarie
1082 3731 1245 3814 valdeque

111 3839 279 3929 diffusum,
297 3843 399 3911 multa
409 3843 555 3928 plebium
575 3845 801 3929 generositate
816 3845 982 3929 refertum,
999 3848 1173 3930 postquam
1188 3842 1244 3910 Di·

111 3951 239 4020 vinitns
255 3952 448 4038 inspiratum
465 3952 563 4020 fidem
579 3951 702 4022 Christi
725 3956 881 4041 suscepit,
898 3954 994 4037 quasi
1015 3954 1140 4040 optime
1155 3958 1247 4020 terra

117 4056 245 4126 fructus
263 4059 403 4143 optimos
420 4058 562 4143 protulit,
587 4059 743 4143 palmites
758 4059 915 4146 produxit
930 4062 1063 4144 electos,
1080 4067 1113 4127 et
1128 4067 1198 4130 tam
1211 4059 1247 4126 in

115 4166 373 4252 Ecclesiasticis,
390 4188 487 4252 quam
500 4167 711 4236 secularibus
722 4169 874 4256 personis
884 4169 1015 4253 lapides
1032 4169 1127 4237 vivos
1143 4175 1177 4236 et
1191 4166 1247 4236 bo·

115 4273 287 4346 morabiles
303 4276 420 4346 habuit
435 4295 475 4342 ac
492 4277 626 4362 electos,
643 4279 816 4364 presertim
833 4296 994 4364 personas
1011 4275 1181 4360 utriusque
1197 4294 1247 4344 se-

115 4401 181 4451 xus
198 4405 220 4453 a
236 4383 316 4453 dicti
328 4383 436 4470 Regni
451 4385 548 4454 domo
565 4385 673 4470 Regia
692 4386 922 4472 procedentes,
937 4385 1052 4468 utique
1068 4383 1248 4452 sanctitate

115 4490 277 4582 preditos,
295 4495 566 4564 multavirtntum
581 4495 745 4563 varietate
759 4493 911 4578 donatas,
929 4513 992 4577 que
1002 4491 1098 4575 quasi
1114 4492 1249 4561 lucerne

114 4598 275 4670 edentes
290 4623 357 4670 non
373 4603 434 4672 sub
459 4601 578 4690 modio,
596 4602 657 4672 sed
674 4620 776 4690 supra
792 4601 1029 4671 candelabrum
1044 4599 1163 4688 posite,
1182 4619 1248 4669 non

172 4725 275 4770 uorum
285 4725 605 4771 concursu-orrum.
785 4701 789 4712 ’
1045 4710 1088 4778 14
