3166 5238
377 1183 486 1250 Udear
510 1179 598 1268 Grdf
620 1181 728 1267 eladja
752 1180 804 1286 39
827 1180 899 1266 pira
926 1181 1066 1246 derrdron
1091 1181 1275 1269 kbrtoolyear'
1299 1185 1352 1248 bat
1375 1185 1470 1271 obeoyi

415 1293 623 1379 rdrzjdozdpdt
655 1289 749 1354 Vdrda
765 1287 927 1352 Abrabdm
945 1291 1097 1376 pozoooyt'
1111 1290 1313 1378 aliapdnnak.
1339 1292 1429 1360 1296.

784 1471 823 1535 A.
915 1469 951 1534 B.
1043 1469 1080 1538 (l.

463 1633 648 1720 Capitulum
659 1611 1029 1698 Posoniensislloelesie
1039 1631 1190 1700 omnibns
1200 1631 1323 1700 Christi
1340 1630 1474 1699 fidelibus

376 1749 564 1830 presentem
581 1741 722 1808 litteram
742 1739 936 1824 inspecturis
947 1741 1085 1808 solutam
1096 1742 1128 1806 in
1140 1741 1256 1808 salutis
1265 1742 1424 1827 largitore.
1431 1740 1475 1808 ld

373 1848 763 1919 vniuersornmnotioiam
774 1844 900 1932 (tenore
916 1848 1118 1932 presentium
1134 1847 1297 1934 volumus)
1309 1845 1474 1936 peruenire,

373 1958 459 2044 qnod
475 1955 659 2025 constitutis
676 1974 786 2024 eoram
798 1955 892 2022 nobis
903 1955 1062 2041 magistro
1078 1955 1217 2023 Nieolao
1228 1956 1364 2025 Notario
1380 1956 1475 2022 Abrae

373 2068 445 2136 Rufi
470 2066 611 2136 (latialis
628 2065 765 2135 Comitis
788 2063 1009 2142 Posoniensis,
1026 2068 1059 2130 et
1074 2064 1192 2148 ipolito
1219 2060 1313 2148 (filio)
1330 2062 1477 2131 Dominioi

372 2179 446 2247 vioe
462 2184 496 2244 et
510 2176 583 2246 loeo
600 2174 722 2242 domini
739 2174 809 2253 sui,
835 2172 954 2241 nobilis
971 2171 1033 2238 viri
1051 2171 1197 2240 eiusdem
1223 2172 1359 2240 Comitis
1381 2173 1477 2242 Abrae

373 2287 697 2370 Rufiexunapart03
714 2283 838 2350 Wduor
853 2281 920 2348 lilio
937 2279 1072 2364 Georgij
1085 2281 1126 2348 de
1145 2281 1223 2350 Sala
1239 2299 1477 2366 --e--5

374 2397 460 2466 idem
477 2394 599 2462 deor
616 2392 749 2462 oraenlo
759 2389 934 2458 niueuoois
950 2396 1002 2458 est
1022 2388 1202 2473 confessus,
1214 2389 1299 2472 quod
1310 2391 1381 2478 ipse
1392 2410 1479 2474 quan·

373 2503 449 2572 dam
473 2503 717 2589 possessionem
741 2519 834 2568 snam
859 2497 1093 2565 hereditariam
1119 2496 1338 2566 indemitate
1357 2499 1478 2567 Maioris

375 2612 508 2698 Posonij
525 2604 748 2696 e(xistentem)
765 2607 941 2676 Kortuelus
956 2611 1107 2674 vocatam
1134 2604 1178 2671 ad
1195 2625 1256 2674 sex
1272 2613 1384 2674 aratra
1398 2606 1480 2675 suib-

375 2721 524 2800 cientem,
542 2718 639 2787 sitam
650 2716 734 2786 inter
749 2722 868 2784 terram
881 2717 1057 2784 Kortuelns
1080 2713 1244 2798 quandam
1263 2713 1346 2803 (igy)
1357 2715 1484 2783 filioram

376 2827 537 2897 Dominioi
550 2832 675 2910 aparte
692 2823 908 2907 meridionali,
919 2832 949 2889 et
966 2825 1052 2891 inter
1061 2831 1180 2891 terram
1198 2823 1347 2910 Ohepani
1363 2845 1384 2890 a
1398 2833 1484 2911 parte

375 2937 454 3004 ville
471 2935 593 3018 Paaoh,
613 2935 741 3002 seilicet
757 2953 779 3000 a
794 2939 887 3020 parto
897 2934 1168 3019 septemtrionali,
1181 2951 1253 3000 oum
1271 2933 1419 3002 omnibus
1434 2935 1486 3002 rti-

376 3045 523 3114 litatibus
540 3051 573 3111 et
588 3043 802 3129 pertinenoijs
820 3043 889 3109 suis
904 3042 1108 3110 vendidisset
1126 3041 1231 3110 eidem
1248 3042 1368 3110 comiti
1385 3045 1488 3110 Abrae

376 3154 461 3223 Rnio
477 3173 536 3240 pro
552 3153 690 3238 triginta
707 3153 825 3222 mareis
851 3151 1058 3220 denariorum
1073 3153 1211 3220 latorum
1237 3150 1488 3238 Wyennensium

376 3266 410 3331 in
425 3262 510 3330 lilios
526 3261 665 3350 filiorum
682 3267 840 3345 perpetuo
852 3259 1095 3347 possidendam,
1109 3281 1208 3344 quam
1226 3280 1388 3328 summam
1399 3281 1490 3349 peon·

377 3373 430 3439 nie
447 3371 553 3437 dietus
570 3370 688 3438 (lomes
705 3365 792 3457 (lgy)
809 3368 933 3436 deor
950 3366 1034 3436 dixit
1051 3387 1087 3436 se
1102 3367 1250 3456 plenarie
1268 3371 1445 3458 recepisse,
1461 3377 1489 3437 et

378 3499 414 3548 se
430 3497 503 3546 esse
520 3498 580 3562 per
595 3477 734 3544 eundem
751 3477 910 3544 (tomitem
926 3476 1068 3542 Abraam
1094 3476 1211 3544 Rufum
1237 3479 1440 3560 persolutum
1454 3499 1491 3546 er

379 3590 516 3672 integro.
528 3585 600 3664 Qua
611 3583 696 3673 (igy)
707 3585 838 3668 quidem
848 3591 938 3652 terra
946 3585 1119 3653 Kortuelns
1129 3587 1170 3654 ab
1182 3585 1353 3654 oooidente
1364 3588 1411 3654 ibi
1420 3595 1492 3656 sunt

378 3703 582 3766 ammetanee
607 3705 696 3764 terra
711 3691 894 3784 szog(?)
921 3703 954 3762 et
978 3701 1068 3762 terra
1094 3697 1220 3765 (ihetou
1237 3731 1276 3744 -
1295 3732 1348 3782 -,
1373 3697 1491 3764 direeto

379 3827 474 3875 ouran
490 3805 575 3872 inter
590 3806 681 3890 ipsas
692 3805 775 3874 duas
791 3803 1074 3891 prediotasterras
1084 3805 1128 3872 ad
1144 3812 1273 3892 partem
1283 3805 1489 3891 orientalem,

380 3923 413 3983 et
427 3914 519 3982 radit
535 3933 637 3996 vsqne
647 3912 691 3979 ad
705 3919 825 3980 metam
836 3913 969 4000 kyowolp
984 3920 1146 3997 vooatam,
1164 3921 1198 3982 et
1207 3920 1329 3982 terram
1346 3910 1490 4003 Oblynob

381 4027 610 4108 nunoupatam,
622 4020 709 4088 etibi
726 4023 924 4089 terminatur.
941 4021 1047 4102 Quam
1062 4023 1169 4092 eoiam
1184 4029 1304 4092 terram
1320 4021 1487 4092 Kortuelus

381 4131 499 4199 transit
524 4128 658 4222 quidam
683 4126 803 4196 fluuius·
826 4149 886 4214 per
909 4129 1052 4198 medium
1076 4131 1184 4218 Pylna
1207 4138 1354 4200 vocatus.
1381 4130 1486 4199 comes

383 4240 490 4307 eoiam
504 4236 627 4305 Wduor
652 4237 814 4324 obligauit
838 4255 875 4303 se
890 4238 994 4304 nostri
1011 4240 1044 4304 in
1059 4237 1231 4323 presenoia
1247 4238 1384 4306 firmiter
1398 4245 1430 4306 et
1443 4242 1485 4306 at·

383 4353 489 4432 tento,
515 4345 603 4430 quod
628 4347 810 4429 quicunque
832 4363 988 4430 processu
1003 4355 1186 4431 temporum
1206 4347 1315 4434 ipsum
1340 4346 1484 4414 Comitem

385 4455 527 4523 Abraam
536 4454 715 4521 Rufumrel
731 4473 824 4521 suam
840 4454 1065 4539 posteritatem
1075 4456 1207 4523 racione
1217 4453 1403 4541 supradicte
1411 4463 1483 4523 terro

386 4567 541 4650 impetere
551 4563 650 4630 vellet
665 4565 719 4631 nel
734 4565 909 4630 molestare
924 4569 1147 4651 attemptaret,
1164 4563 1332 4650 expediret
1348 4566 1483 4649 seispso·

386 4673 470 4760 prijs
486 4669 653 4739 laboribus
678 4679 710 4738 et
726 4671 890 4755 expensis,
916 4672 954 4740 In
970 4672 1062 4741 onius
1090 4674 1140 4741 rei
1155 4673 1344 4742 memoriam
1369 4679 1483 4742 nostras
