3166 5238
894 983 969 1049 124.

370 1179 433 1242 III.
451 1179 557 1245 Endos
580 1179 688 1270 kirely
712 1183 887 1269 anepos-dodi
902 1203 922 1247 a
937 1182 1042 1268 diki
1057 1181 1167 1246 osuldd
1191 1186 1337 1248 ezdmciua
1355 1184 1418 1251 111.
1434 1185 1488 1249 Iat-

599 1291 662 1353 vda
677 1290 786 1378 Iciodly
802 1289 939 1355 1165-102·
957 1289 1150 1376 tioolusupou
1166 1293 1262 1354 1298.

476 1490 625 1558 Andreas
635 1489 698 1557 Dei
707 1488 821 1574 gnaoio
830 1489 1011 1573 Hungarie,
1022 1486 1205 1576 Dalmaoie,
1218 1489 1366 1575 Oroaoie,
1379 1491 1488 1571 Reme,

371 1597 496 1682 Seruio,
513 1598 654 1666 Gallioie
664 1648 672 1681 ‚
689 1597 894 1682 Lodomerie,
915 1597 1082 1681 Cumanis,
1100 1598 1321 1684 Balgarieque
1336 1602 1408 1668 Rex
1424 1601 1488 1668 vni·

371 1706 476 1774 uersis
493 1704 613 1774 Christi
630 1705 782 1773 fidelibus
798 1725 936 1793 presens
954 1704 1109 1793 seriptum
1133 1708 1335 1774 intuentibus
1353 1709 1490 1776 salutem

369 1815 403 1880 in
420 1833 468 1898 eo,
486 1815 541 1898 qui
556 1814 699 1899 Regibus
716 1815 774 1882 dat
799 1817 948 1882 salutem.
977 1814 1075 1881 Iustis
1094 1815 1293 1899 peticionum
1314 1815 1489 1884 desideriis

370 1943 539 1990 assensum
564 1924 702 2011 prebere
727 1924 783 2006 jus
801 1923 917 1992 incitat
942 1931 973 1988 et
997 1921 1131 2008 Regalis
1159 1922 1267 2007 pietas
1294 1927 1489 1994 exhortatur.

369 2031 510 2100 Proinde
526 2032 571 2098 ad
581 2034 804 2099 uniuersorum
816 2039 884 2098 tam
901 2033 1110 2118 presencium
1127 2018 1230 2116 quam
1242 2034 1422 2100 futurorum
1438 2054 1489 2100 no-

371 2139 481 2206 tioiam
499 2149 612 2208 tenore
638 2141 845 2225 presencium
872 2141 1020 2206 volumus
1046 2144 1239 2228 peruenire,
1266 2141 1353 2224 quod
1379 2143 1488 2208 Petrus

370 2249 470 2316 Rufus
488 2249 574 2317 filius
591 2251 719 2332 Jak0w‚
746 2248 842 2316 Mark
857 2247 942 2316 filius
963 2249 1106 2333 Martini,
1125 2258 1158 2315 et
1174 2251 1350 2317 Marcellus
1367 2249 1489 2319 Wunoh

369 2358 410 2424 de
426 2358 545 2445 Nyeek
570 2358 614 2424 ad
638 2365 785 2424 nostram
812 2357 1013 2425 aooedontes
1039 2359 1248 2441 presenciam
1277 2359 1489 2426 exhibuerunt

368 2465 463 2534 nobis
474 2467 679 2551 priuilegium
690 2467 813 2534 domini
823 2465 983 2550 Stephani
1005 2464 1143 2532 oondam
1155 2465 1376 2534 illustrissimi
1391 2468 1487 2551 Regis

367 2576 543 2662 Hungarie,
559 2574 617 2642 diii
632 2575 787 2644 videlieet
805 2575 1026 2662 potentissimi
1043 2575 1143 2640 Dueis
1159 2575 1265 2660 Geize,
1285 2577 1488 2644 beatissima-

368 2707 439 2753 rum
448 2685 725 2768 reeordaoionum,
736 2704 835 2770 super
844 2685 997 2751 libertate
1009 2683 1153 2768 ipsorum
1170 2685 1365 2773 contentum,
1377 2693 1487 2770 petens

369 2797 500 2864 anobis
517 2815 586 2863 eum
602 2796 785 2879 instancia,
810 2802 846 2862 vt
870 2795 978 2878 ipsum
995 2792 1205 2878 priuilegium
1232 2801 1340 2860 ratum
1368 2795 1487 2862 habere

369 2911 401 2970 et
415 2912 527 2972 nostro
545 2897 754 2989 dignaremur
769 2903 940 2990 priuilegio
952 2903 1156 2969 oonfirmare.
1170 2903 1270 2989 Cujus
1281 2905 1413 2988 quidem
1427 2905 1501 2990 pri-1

369 3013 482 3099 uilegii
497 3019 592 3080 tenor
607 3013 684 3079 talis
702 3019 751 3080 est
768 3037 776 3078 :

473 3122 578 3188 Nosse
603 3120 756 3189 desidero
782 3124 843 3188 sto.
871 3125 900 3199 (1.
926 3129 977 3182 111.
994 3126 1091 3185 sevon
1116 3130 1210 3202 kirtly
1240 3130 1369 3184 lues-ks
1395 3127 1485 3184 osma-

370 3236 440 3308 nytt
455 3237 474 3290 l.
491 3235 621 3309 Fejernel
636 3231 706 3292 cod.
725 3229 804 3310 Dipl.
821 3237 856 3292 H.
874 3237 932 3292 ket.
953 3238 1024 3292 173.
1041 3235 1072 3308 1.)

472 3344 566 3404 Anno
582 3337 703 3404 Domin
719 3339 760 3403 M.
772 3337 842 3404 00⁰
858 3340 1073 3422 nonagesimo
1092 3345 1225 3426 octavo,
1247 3339 1311 3406 VI⁰
1327 3339 1485 3410 kalendas

370 3445 495 3514 Meroii.

369 3641 493 3714 (Horvdt
505 3642 605 3701 Istvdn
617 3641 809 3698 kezirataibdl
822 3660 840 3696 a
858 3640 990 3697 Nemzeti
1003 3641 1135 3697 Muueum
1149 3640 1392 3698 keminattairaban.
1414 3642 1448 3698 V.
1462 3649 1484 3698 ὅ.

634 3731 732 3804 Feje'rt
745 3731 815 3789 cod.
828 3731 904 3805 Dipl.
918 3731 952 3788 V.
966 3733 1025 3788 ket.
1038 3727 1064 3787 3'.
1077 3753 1099 3788 r.
1113 3733 1176 3790 255.
1190 3730 1222 3804 l.)
