3262 5242
624 397 749 499 L

108 617 172 663 sua
188 597 225 662 in
240 597 383 679 Ungarie
408 595 556 680 partibus
582 594 822 677 contrahenda,
839 595 892 661 vel
915 591 1067 659 babendo
1083 591 1160 659 inde
1174 611 1224 658 re·

106 724 227 785 cessu,
253 704 426 789 diligenter
453 702 603 770 conferas
630 722 702 770 oum
717 703 854 782 eadem,
878 700 972 769 nobis
983 751 991 784 ,
1009 701 1095 785 quod
1111 702 1145 765 in
1159 698 1223 766 bac

106 818 207 900 parte
223 813 398 892 inveneris,
417 813 610 895 quantocius
621 814 843 896 rescripturus.
861 811 981 876 Datum
993 807 1080 894 apud
1090 807 1225 874 Urbem·

107 923 265 988 Veterem
282 921 319 986 V.
336 918 412 986 Idus
429 920 641 1004 Septembris,
665 918 877 987 Pontificatus
893 917 996 984 nostri
1014 937 1100 986 anno
1116 916 1224 982 tertio.

218 1049 256 1114 In
273 1067 301 1113 e.
327 1071 368 1115 m.
395 1047 576 1114 venerabili
599 1046 692 1112 fratri
709 1095 715 1109 .
733 1097 740 1112 .
759 1094 766 1109 .
783 1045 1039 1130 Archiepiscopo
1065 1042 1223 1127 Strigoni·

18 1215 22 1224 .
106 1157 189 1224 ensi.
207 1157 320 1241 Nuper
336 1154 379 1222 ad
394 1163 541 1224 nostrum
554 1156 703 1242 pervenit
719 1155 877 1239 auditum,
896 1153 982 1238 quod
993 1152 1174 1238 quondam.
1191 1200 1199 1216 .
1217 1201 1224 1216 .

105 1269 182 1332 Rex
198 1265 346 1351 Ungarie
361 1265 403 1332 de
428 1266 534 1332 medio
560 1272 611 1332 est
634 1265 793 1332 sublatus.
818 1266 888 1330 Nos
903 1269 1013 1331 autem
1037 1262 1081 1330 ad
1097 1261 1225 1330 carissi-

104 1395 198 1442 mam
215 1375 250 1442 in
267 1374 399 1442 Christo
408 1375 509 1442 filiam
521 1381 666 1443 nostrum
682 1375 718 1440 E.
729 1373 886 1460 Reginam
897 1370 1045 1458 Ungarie
1060 1370 1225 1438 Illustrcm

105 1489 173 1549 etc.
191 1490 227 1550 ut
244 1502 344 1568 supra
359 1500 462 1565 usqne
483 1483 526 1549 ad
546 1483 653 1549 finem.

218 1695 280 1767 (lv.
293 1696 398 1753 Mittor
408 1695 485 1770 papa
494 1694 693 1769 Regestdibol,
705 1695 833 1752 Tbeinsr
845 1695 884 1750 id.
896 1711 932 1750 m.
941 1691 962 1748 1.
972 1693 1001 1748 k.
1011 1692 1072 1749 368.
1086 1693 1122 1767 1.)

543 1997 567 2004 .-
575 1997 578 2001 -
587 1996 799 2008 -----·-----·-.

659 2568 690 2632 t.

106 2768 168 2830 IV.
197 2765 318 2830 Miluus
347 2770 438 2854 popa
461 2768 641 2832 Boaceocto
666 2765 811 2851 copadioc‘
833 2765 1015 2854 perpetuet
1039 2766 1233 2855 meptapyjo,

106 2875 190 2960 hopy
214 2873 371 2959 vichdlja
395 2897 470 2960 orep,
495 2876 536 2937 lto
560 2878 655 2960 cajon
679 2876 700 2938 Ι
705 2874 739 2938 V.
763 2873 879 2938 Lecto
899 2895 1031 2959 mappae·
1054 2875 1160 2961 kirdly
1179 2875 1232 2938 ho-

208 2982 276 3047 tutte
299 2982 404 3068 idcjda
429 3005 450 3045 u
472 2981 638 3048 katholiko
661 2981 776 3068 cpyddz
799 2981 869 3046 bico
892 2981 1007 3046 cett-e?
1029 2985 1127 3047 1290.

231 3197 387 3263 Nicolaus
416 3198 603 3284 Episcopus
628 3217 745 3266 seruus
769 3218 935 3265 seruorum
960 3199 1023 3266 Dei
1048 3199 1229 3266 venerabili

103 3308 202 3375 fratri
220 3307 256 3372 B.
274 3305 438 3391 Episcopo
455 3309 651 3393 Eugubino‚
668 3309 861 3394 Apostolice
889 3308 985 3377 Sedis
1001 3309 1127 3396 Legato
1144 3309 1229 3374 soln-

103 3427 173 3484 tem
192 3421 227 3482 et
243 3415 469 3500 Apostolicam
485 3416 754 3486 benedictionem.
773 3415 902 3483 Dudum
922 3413 1098 3497 fidedignis
1115 3417 1226 3483 relati·

104 3528 169 3592 bus
184 3525 229 3590 ad
245 3523 438 3609 Apostolice
454 3526 553 3594 Sedis
577 3526 736 3613 perducto
757 3525 934 3609 noticiam,
960 3524 1046 3606 quod
1068 3524 1228 3607 quondam

107 3687 114 3701 .
134 3683 141 3697 .
162 3682 169 3696 .
185 3634 256 3698 Rex
272 3631 428 3719 Ungcrie,
445 3653 556 3721 nuper,
572 3641 609 3701 ut
625 3634 751 3714 dicitur,
777 3635 926 3700 sublatus
942 3632 983 3700 de
999 3634 1115 3717 medio,
1135 3653 1228 3704 veso-

107 3742 161 3808 nis
179 3741 345 3808 adherens
362 3744 521 3829 consiliis,
540 3752 573 3812 et
589 3765 610 3810 a
624 3741 796 3813 Catholice
806 3741 882 3810 fidei
898 3747 989 3809 recta
1005 3745 1122 3809 semite
1137 3763 1226 3829 gres·

107 3853 201 3919 sibus
217 3851 359 3918 ruinosis
377 3854 566 3919 exorbitans
582 3859 615 3918 et
629 3855 661 3920 in
679 3852 809 3919 devium
835 3851 983 3940 dilapsus
1003 3853 1121 3920 erroris
1131 3904 1141 3939 ‚
1167 3873 1226 3922 sue

107 3962 227 4028 salutis
253 3959 520 4028 consideratione
538 3961 744 4046 postposita,
780 3979 816 4026 se
839 3959 874 4025 in
897 3959 1017 4028 Divine
1041 3961 1225 4032 Maiestatis

104 4075 328 4154 contemptum
345 4076 379 4135 et
392 4072 491 4136 totius
509 4068 765 4136 Christianitatis
790 4068 1004 4153 opprobrium
1021 4085 1093 4135 cum
1108 4067 1224 4137 Tarta-

103 4180 161 4260 ris,
172 4177 377 4263 Sarracenis,
393 4177 567 4263 Neogeriis
577 4185 611 4245 et
621 4177 763 4264 paganis
773 4178 1031 4245 conversationis
1045 4178 1223 4265 dampnate

105 4286 300 4354 commercio
317 4287 620 4355 confederationem
637 4289 777 4355 duxerat
792 4286 979 4372 ineundam,
1000 4288 1163 4376 nepharia
1179 4291 1225 4356 vi·
1289 4349 1294 4366 ,

102 4396 204 4464 vendi
222 4392 415 4482 specialiter
431 4414 502 4462 cum
520 4395 642 4464 eisdem
658 4395 831 4480 Neugeriis
849 4405 965 4463 norma
980 4402 1130 4481 sumpta,
1147 4397 1220 4464 red·

103 4503 213 4572 dendo
230 4525 266 4571 se
283 4503 421 4588 proinde
436 4505 632 4589 redemptori
650 4503 791 4569 omnium
808 4509 840 4568 et
859 4501 1043 4572 hominibus
1059 4505 1216 4589 odiosum,

101 4613 209 4682 felicis
244 4612 481 4680 recordationis
508 4613 672 4680 Honorius
704 4614 798 4698 Papa
823 4620 977 4700 quartus,
1003 4614 1220 4699 predecessor

102 4727 224 4806 noster,
242 4719 406 4808 prefatum
420 4722 543 4804 Regem
561 4721 604 4788 ad
619 4723 684 4790 vite
700 4720 879 4791 laudabilis
901 4724 1010 4793 studia
1026 4730 1060 4792 et
1076 4723 1217 4795 salubris
