3166 5238
552 389 710 489 Q„

75 588 177 674 (iuda,
195 588 322 684 Thomu
333 585 632 672 chanctaOruce‚
644 589 757 672 Paulo,
769 588 904 674 Welich‚
915 591 1027 658 Mathe
1044 600 1077 660 et
1093 595 1189 676 Gold,

74 697 289 764 seruientibus
306 696 376 762 suis
392 695 437 761 ad
453 696 565 765 uillam
582 717 675 764 suam
691 697 784 770 Zilna
800 705 952 764 uocatam
971 702 1106 766 armatis
1122 722 1189 768 ma-

72 808 168 874 nibus
184 806 347 874 ueniendo
366 807 604 888 destruxisset,
633 809 806 891 dampnum
827 806 1080 893 quingentarum
1105 829 1188 875 mar-

74 934 183 981 carum
199 915 232 980 in
250 914 325 1000 ipsa
350 915 577 982 destruccione
594 916 699 980 cidem
720 913 888 997 faciendo,
907 916 989 983 duos
1014 919 1119 986 eciam
1132 918 1188 1003 jo·

72 1025 229 1108 hagiones
247 1043 340 1106 suos,
360 1023 487 1089 seilicet
508 1023 638 1105 Petrik,
668 1030 700 1088 et
718 1021 849 1090 Enohik
865 1030 999 1090 uocatos
1025 1026 1058 1092 in
1075 1026 1189 1092 eadem

72 1133 149 1198 uilla
166 1132 379 1218 separasset,
392 1131 642 1218 captivatosque
658 1151 767 1198 secum
780 1131 982 1217 abduxisset,
994 1132 1099 1202 occidi
1116 1154 1187 1203 eos-

73 1242 146 1307 dem
162 1238 337 1325 faciendo;
354 1239 475 1307 adiecit
492 1239 606 1322 eciam,
625 1238 710 1322 quod
726 1239 759 1305 in
776 1239 920 1307 crastino
937 1240 1025 1306 facta
1045 1243 1188 1311 destruc·

72 1350 166 1417 cione
182 1347 285 1434 ijdem
303 1345 407 1430 Gurdo,
425 1346 581 1426 Thomas,
598 1349 741 1433 Paulus,
758 1347 887 1415 Welieh
897 1397 906 1430 ,
927 1348 1039 1414 Mathe
1055 1355 1088 1416 et
1103 1348 1191 1417 Gold

72 1464 283 1541 reuertentes,
301 1461 427 1534 omnia,
447 1476 509 1540 que
524 1459 558 1522 in
575 1459 649 1541 ipsa
665 1456 745 1524 nilla
764 1465 840 1545 post
866 1457 1122 1527 destruccionem
1138 1478 1190 1527 eo-

70 1569 217 1636 rumdem
233 1571 469 1651 remanserant,
486 1566 646 1632 uiolenter
656 1563 845 1650 recipiendo
862 1566 1086 1635 abstulissent.
1105 1566 1190 1634 Con·

71 1684 120 1747 tra
135 1696 235 1761 quem
250 1675 337 1742 idern
349 1674 464 1743 Gomes
477 1675 663 1760 Stephanus
673 1675 886 1760 respondens,
904 1673 1013 1740 omnia
1028 1676 1191 1759 premissa

70 1807 104 1854 se
119 1785 242 1852 iecisse
267 1783 462 1868 denegauit,
488 1788 626 1871 excepto
642 1802 700 1866 eo,
726 1782 812 1866 quod
829 1783 949 1850 dixerit
972 1803 1069 1870 super
1085 1792 1190 1854 morte

69 1893 209 1982 predicti
233 1893 349 1959 Petrik
374 1912 410 1957 se
436 1892 566 1960 omnino
592 1891 823 1960 concordasse.
851 1893 921 1958 Nos
945 1892 1043 1976 igitur
1068 1893 1189 1960 auditis

69 2003 219 2088 parcium
229 2001 510 2087 proposicionibus
523 1999 736 2085 decredimus,
755 1999 840 2086 qnod
850 2000 935 2068 idern
947 2001 1065 2068 Comes
1076 2003 1190 2070 Bither

69 2113 101 2180 in
117 2109 246 2179 octauis
264 2109 377 2176 Sancti
393 2109 524 2177 Martini
550 2127 658 2176 coram
670 2108 826 2196 *crpitum
844 2108 1064 2193 strigoniensi
1079 2111 1190 2178 accio-

69 2239 140 2286 nem
157 2238 252 2286 suam
268 2217 479 2304 prehabitam
489 2216 630 2284 testibus
647 2214 768 2283 debeat
781 2217 993 2302 conprobare,
1014 2224 1046 2284 et
1061 2237 1189 2286 rursum

70 2329 181 2412 quinto
210 2327 337 2396 decimo
362 2326 453 2393 dica
477 2323 697 2411 produccione
721 2326 851 2392 testium
869 2333 982 2410 partes
1009 2347 1119 2395 coram
1134 2351 1189 2398 no-

69 2439 118 2504 bis
135 2436 391 2522 comparebunt,
416 2436 549 2502 nomina
565 2438 599 2499 et
615 2434 705 2503 dicta
722 2434 850 2501 tertium
877 2455 1009 2503 suorum
1028 2435 1114 2504 idem
1131 2436 1190 2504 Oo-

69 2567 137 2614 mes
153 2548 271 2615 Bither
288 2548 320 2613 in
337 2547 456 2615 litteris
482 2547 631 2614 eiusdem
649 2545 792 2630 capituli
808 2565 917 2614 coram
942 2547 1037 2614 nobis
1055 2547 1189 2616 exhibe·

68 2654 123 2741 bit,
141 2662 175 2722 et
192 2655 310 2723 eodem
338 2654 392 2721 die
408 2655 496 2721 idem
513 2654 630 2722 Comes
656 2654 844 2740 Stephanus
871 2655 1040 2730 exhibebit
1062 2655 1190 2724 litteras

69 2783 156 2852 suas,
175 2764 206 2830 si
224 2783 305 2848 quas
320 2762 422 2832 hahet
444 2783 543 2851 super
559 2783 619 2846 eo,
647 2763 736 2848 quod
751 2783 850 2849 super
865 2769 969 2833 morte
985 2764 1099 2835 Petrik
1115 2787 1190 2833 eon-

68 2873 260 2957 cordasset,
288 2893 362 2940 eum
377 2871 502 2942 comite
520 2872 631 2939 Bither
656 2877 690 2938 et
706 2892 778 2941 eum
802 2870 1003 2958 aduersarijs
1031 2873 1188 2958 eiusdem,

69 2983 186 3067 quibus
203 2980 358 3048 exhibitis
368 2981 450 3047 inter
466 2982 555 3068 ipsos
567 2981 790 3049 decernemus.
809 2980 930 3050 Datum
941 2979 1032 3047 Bude
1046 2984 1081 3050 in
1098 2983 1188 3065 quin-

69 3093 155 3159 dena
173 3087 289 3160 Sancti
304 3089 406 3176 Regis
423 3090 591 3175 Stephani.

175 3255 286 3321 Jepyzet.
305 3249 505 3322 Bb'rhartydra
517 3248 586 3308 hott
604 3250 666 3307 ndrt
678 3249 772 3320 level,
791 3253 926 3325 melynek
938 3251 1088 3324 behajtott
1105 3248 1188 3326 vage,

68 3344 175 3402 aautdn
195 3343 272 3413 eleJe
290 3340 439 3400 fehtetvdn
459 3342 630 3418 egmnus,
654 3345 732 3401 mind
751 3362 769 3400 a
787 3343 887 3402 hdrorn
905 3343 1024 3418 retegen
1042 3343 1189 3400 keresatdl

67 3441 137 3492 vont
149 3431 376 3506 hartyakdteldk
390 3432 451 3490 mar
470 3431 594 3510 egdsncn
607 3433 709 3503 eltdnt,
723 3434 814 3491 kerek
831 3431 973 3506 pecsdttel
993 3435 1053 3492 volt
1062 3435 1188 3506 lepecsd·

67 3527 151 3585 telve.
164 3524 305 3583 Hatirata
319 3542 373 3583 ea:
392 3545 445 3598 pro
459 3524 570 3584 Gemite
590 3525 734 3600 Stephano
754 3532 854 3586 eontra
873 3525 1013 3585 Comitem
1031 3526 1141 3585 Bither.
1160 3527 1186 3583 A

65 3616 176 3676 kekkti
187 3615 370 3676 levdltdrhan
383 3652 393 3662 ·
406 3617 490 3674 Fasc.
505 3620 529 3672 1.
544 3616 613 3674 Nrc.
626 3615 651 3671 3.
671 3606 765 3692 dra.)

499 3907 646 3918 κα.
665 3909 760 3918 ο--ι
