3214 5238
630 396 791 507 252.

151 591 240 664 iacto
254 593 446 684 postulauit,
462 614 535 663 cum
552 593 594 663 do
610 593 682 662 iuro
697 592 804 682 laicis,
821 595 969 677 quamuir
979 593 1155 682 religiosis,
1172 595 1275 664 dorc-
1298 619 1300 629 ¹

151 703 214 773 bus
229 703 381 772 Ecclesie
397 703 488 772 nulla
503 702 547 772 sit
572 703 731 773 attributa
752 701 947 788 disponendi
966 702 1130 790 facultas3
1148 723 1210 791 quo
1227 706 1272 774 in-

151 809 284 879 tellecto
309 810 459 880 dominus
475 811 592 878 Petrus
609 811 673 876 Dei
688 810 803 897 gracie
812 809 991 897 Episcopus
1007 809 1274 902 rranssiluanus,

153 935 265 989 curam
288 920 401 1006 gregis
426 918 491 990 sibi
516 920 688 997 commissi,
707 919 860 1008 diligenti
882 927 1016 1005 portans
1042 920 1275 1010 sollicitudine,

152 1025 233 1095 facti
248 1028 436 1114 potcnciam
452 1027 643 1098 lormidauit
651 1075 661 1111 ,
690 1046 762 1096 cum
778 1026 965 1097 huiusmodi
982 1031 1158 1116 petitorum
1174 1031 1275 1102 dona·

153 1136 217 1221 cio,
234 1135 276 1204 ab
293 1156 333 1204 eo
349 1135 439 1207 lacta
448 1184 457 1220 ,
475 1136 531 1222 qui
547 1134 672 1206 donare
687 1155 752 1203 non
769 1134 875 1221 potuit
884 1184 894 1220 ,
918 1139 1039 1206 statum
1055 1139 1204 1208 Ilcclosie
1219 1139 1277 1206 mi·

151 1243 242 1311 nimo
256 1243 419 1335 potuisset
434 1245 640 1330 perturbare.
666 1244 875 1330 supplicarit
889 1245 1000 1329 itaque
1017 1250 1051 1312 et
1068 1267 1128 1334 per
1143 1248 1276 1316 modum

152 1351 312 1437 simplicis
328 1354 531 1437 querimonis
546 1353 698 1436 obtinuit,
715 1357 751 1420 ut
767 1350 852 1419 sicut
867 1351 944 1437 ipsa
960 1353 1111 1442 donacio,
1129 1357 1158 1423 si
1174 1355 1276 1425 dona-

123 1504 126 1510 ·
153 1459 205 1526 cio
222 1456 286 1528 dici
301 1467 475 1548 mereatur,
492 1463 535 1530 de
546 1461 634 1534 lacto
643 1465 863 1550 processerat,
881 1469 914 1529 et
928 1461 1020 1530 nulla
1031 1461 1091 1530 luit
1107 1463 1179 1548 ipso
1194 1465 1276 1550 iuro,

152 1568 203 1636 sic
220 1569 262 1644 de
278 1569 367 1639 iacto
382 1577 613 1655 reuocaretur,
640 1580 673 1637 et
688 1570 781 1639 nulla
796 1569 899 1638 fuisse
916 1570 1196 1655 pronunciaretur.
1213 1571 1278 1638 Do-

149 1678 258 1744 minus
273 1685 382 1746 autem
398 1679 581 1764 Agriensis,
598 1679 664 1766 hijs
681 1675 800 1746 linibus
816 1698 882 1745 non
901 1684 1089 1765 contentus,
1108 1678 1150 1746 ds
1166 1680 1280 1746 Eccle-

152 1784 203 1852 sio
220 1786 390 1854 consorcio
409 1786 521 1872 inique
538 1786 706 1869 iudicans,
733 1786 889 1855 auxilium
916 1783 1077 1854 secularis
1100 1789 1276 1873 potestatis

152 1890 218 1959 sibi
232 1893 421 1978 postulavit,
440 1891 517 1977 quia
533 1913 575 1960 ex
584 1894 775 1980 hujusmodi
784 1892 967 1963 donacione
978 1892 1117 1961 credens
1128 1893 1177 1962 ius
1187 1896 1278 1979 aqui-

155 1999 286 2088 siuisse,
302 2001 470 2073 dominum
486 2001 756 2070 Transsiluanum
773 2001 818 2068 ad
841 2001 1004 2068 forensem
1017 1998 1182 2086 judicem,
1200 2003 1279 2086 quia

151 2108 198 2175 ad
214 2108 317 2177 forum
333 2111 485 2198 Regium,
503 2107 547 2178 ad
564 2116 703 2178 octauas
720 2108 981 2194 Epiphaniarum
997 2107 1140 2192 Domini,
1166 2117 1279 2200 contra

152 2234 313 2284 canonum
329 2225 490 2304 precepta
505 2218 601 2287 citari
616 2211 814 2304 procurarit,
838 2217 868 2284 si
886 2216 1004 2284 citacio
1021 2215 1088 2284 dici
1103 2218 1230 2302 possit,
1248 2224 1280 2284 ct

151 2325 394 2410 perceptionem
410 2325 608 2394 decimarum
624 2329 657 2390 in
673 2324 912 2410 blaramorisio,
930 2343 994 2408 que
1010 2324 1157 2392 eslintrc
1172 2333 1279 2395 metas

153 2435 188 2494 et
212 2433 368 2501 terminos
393 2433 558 2520 Dyocesis
583 2433 830 2518 Transsiluanc,
847 2453 905 2518 per
935 2431 1067 2500 litteras
1093 2434 1216 2518 Regias
1245 2435 1279 2503 in

154 2537 369 2620 preiudicium
380 2539 534 2608 Ecclesia
551 2539 770 2609 Transiluane
782 2538 867 2608 iecit
879 2539 921 2606 de
938 2527 1040 2627 tacto,
1055 2543 1142 2624 quod
1152 2543 1194 2610 de
1209 2539 1280 2611 iure

154 2663 221 2710 non
237 2645 343 2731 potuit
356 2648 543 2735 probibere,
561 2645 673 2717 subeo
690 2652 815 2733 tenore,
827 2646 914 2730 quod
926 2645 1040 2716 eedem
1051 2647 1177 2716 decime
1193 2657 1279 2718 terro

40 2763 44 2769 '
114 2779 133 2789 ⁸
153 2761 352 2838 memorate,
380 2762 415 2822 et
430 2756 498 2826 alia
512 2754 585 2823 iura
604 2775 645 2822 ex
661 2756 720 2822 illa
735 2755 975 2843 prouenicncia
990 2775 1056 2822 non
1081 2758 1176 2824 alteri
1197 2758 1279 2845 Epi-

154 2878 259 2945 scopo
276 2861 603 2947 administrarentur,
627 2882 726 2946 quam
744 2861 786 2948 ei,
804 2862 859 2945 qui
874 2862 1004 2930 litteras
1020 2861 1143 2947 Regias
1159 2862 1201 2930 ds
1217 2865 1280 2931 hoc

156 2968 275 3035 incolis
292 2975 378 3035 terre
395 2969 543 3038 eiusdem
568 2975 683 3055 posset
698 2975 877 3056 reportare.
904 2970 948 3036 Et
963 2969 1040 3035 licet
1056 2967 1207 3038 iudicium
1221 2970 1279 3040 lai·

153 3074 236 3142 calis
252 3077 427 3162 potestatis
442 3082 530 3144 rotro
546 3076 703 3162 habitum,
721 3078 756 3144 in
771 3077 896 3146 talibus
912 3077 984 3162 ipso
1000 3074 1071 3144 iure
1088 3076 1132 3144 sit
1147 3076 1281 3161 nullum,

154 3180 231 3265 quia
250 3187 362 3250 tamon
386 3183 474 3252 idem
502 3184 654 3253 dominus
678 3184 871 3271 Agriensis,
897 3182 1092 3269 postpositis
1118 3205 1281 3254 canonum

153 3289 347 3370 mandatis,
371 3291 596 3377 multipliciter
619 3292 769 3376 laborat,
794 3294 877 3360 sicut
900 3291 1084 3375 laborauit,
1099 3291 1280 3364 Ecclesiam

153 3395 427 3468 'l'ranssiluanam
442 3399 613 3480 infestare,
630 3407 663 3467 ct
673 3401 840 3468 Prolatum
850 3399 996 3468 eiusdem
1014 3399 1183 3470 laboribus
1201 3405 1278 3470 mul·

156 3505 212 3589 tis,
231 3514 264 3572 et
281 3509 436 3592 expensis
453 3507 596 3595 afficere,
613 3527 672 3592 pro
690 3527 740 3592 eo,
757 3528 819 3592 ogo
836 3509 1008 3594 Nycolaus
1020 3505 1281 3578 Archidiaconus

152 3612 198 3678 de
214 3613 349 3696 Zonuk,
375 3621 570 3702 procurator
595 3615 717 3705 domini
744 3615 900 3700 Episcopi
915 3614 1147 3686 'Pronssiluaoi
1170 3615 1204 3682 in
1220 3615 1282 3685 bac

159 3732 273 3807 parte,
290 3743 349 3808 per
371 3724 561 3802 huiusmodi
587 3724 677 3794 iacta
702 3721 889 3792 inordinate
914 3729 1130 3809 attemptata,
1154 3723 1284 3790 scilicet

155 3831 312 3914 potencia
327 3831 577 3915 interueniente,
595 3831 707 3900 sciens
724 3830 1127 3909 EcclesieTranssdnane
1141 3829 1281 3916 preiudi·

156 3943 276 4022 catum,
293 3944 328 4004 et
343 3940 452 4008 scions
470 3939 504 4005 in
521 3945 691 4024 posterum
707 3957 808 4026 posse
825 3938 1047 4024 preindicuri,
1069 3941 1098 4008 si
1114 3959 1180 4006 non
1195 3939 1283 4009 salu·

153 4044 209 4112 bri
225 4043 370 4113 remedio
386 4054 419 4113 et
434 4048 467 4114 in
484 4048 644 4133 retugium
662 4066 892 4135 oppressorum
910 4047 1081 4130 ordinato,
1104 4047 1181 4116 huic
1197 4049 1283 4115 cita-

158 4152 249 4220 cioni
265 4153 309 4222 ad
325 4173 391 4220 non
407 4173 502 4224 suum
523 4155 669 4241 judicem
686 4155 773 4225 facte
783 4205 792 4240 ,
820 4155 932 4224 debito
959 4159 1149 4223 occurratur
1170 4155 1205 4222 in
1220 4161 1284 4221 ter-

154 4262 256 4350 mino,
272 4262 406 4333 nomine
423 4262 570 4333 eiusdem
588 4263 711 4332 domini
730 4263 891 4349 Episcopi
906 4259 1137 4332 Transsiluani
1162 4261 1286 4332 domini

50 4407 55 4413 ‚
153 4369 239 4454 mci,
257 4391 298 4440 ao
314 4373 539 4457 procuratorio
564 4371 696 4442 nomino
713 4369 755 4441 ab
772 4369 960 4439 huiusmodi
979 4369 1109 4458 inJ‘urijs
1119 4421 1129 4457 ,
1155 4363 1285 4455 aparte

155 4476 314 4565 Episcopi
329 4479 500 4563 Agriensis
515 4479 627 4564 illatis,
644 4479 698 4548 uel
714 4482 848 4581 aparte
865 4474 936 4545 eius
945 4525 955 4564 ,
984 4495 1079 4560 quem
1100 4477 1164 4546 sibi
1180 4477 1215 4545 in
1233 4479 1285 4545 iu-

154 4584 265 4655 dicem
281 4588 420 4658 asscivit
435 4588 640 4676 inscrendis,
664 4588 781 4658 Sedom
798 4587 1023 4680 Apostolicam
1041 4589 1194 4676 appello,
1210 4609 1282 4674 pro·

159 4695 312 4767 buturum
328 4715 380 4783 me
398 4695 522 4782 obligo,
537 4695 649 4766 omnic
666 4695 831 4783 premissa
847 4713 923 4765 csse
941 4718 1041 4782 rera3
1057 4697 1284 4781 prosequendo

1056 4806 1122 4874 li*
