3188 5238
920 1049 980 1118 02

397 1249 419 1312 I
419 1249 462 1312 II.
480 1247 587 1312 Ibrdre
598 1245 705 1334 kirolp
720 1247 898 1336 meperllee‘li
913 1247 971 1312 IV.
988 1247 1167 1312 Ldoslooale
1182 1245 1276 1310 Zoiolr
1292 1245 1444 1331 belpstpet
1459 1249 1511 1312 rell-

567 1357 635 1420 vere
658 1360 804 1421 eremesa
820 1356 1034 1442 adoordrpozo
1048 1356 1228 1438 obnodnydt.
1246 1354 1342 1416 1294.

501 1573 569 1638 Nos
584 1570 734 1640 Andreas
761 1571 823 1638 Dei
839 1567 952 1652 gretie
968 1573 1038 1638 Rex
1061 1568 1237 1656 Hungarie
1256 1570 1415 1636 memorie
1432 1588 1511 1638 oon-

394 1679 823 1765 mendanlessignifieamus,
835 1678 953 1761 quibus
964 1677 1098 1761 expedit
1109 1687 1219 1744 tenore
1232 1679 1438 1760 presencium
1445 1678 1510 1744 nni·

394 1790 516 1870 versis,
534 1788 620 1870 quod
641 1807 771 1856 sorores
789 1787 830 1854 de
856 1788 969 1854 Insula
994 1788 1097 1852 Beate
1124 1785 1269 1867 Virginis
1295 1787 1509 1852 exbibuerunt

395 1897 488 1962 nobis
499 1895 658 1977 quasdam
676 1895 964 1979 patenteslitterss
981 1893 1127 1960 Ladislai
1147 1897 1287 1964 condam
1298 1896 1439 1964 Illustris
1456 1898 1511 1962 Re·

396 2005 446 2089 gis
463 2003 628 2086 Hungerie
646 2022 744 2087 snper
762 2003 846 2069 laeto
858 2003 1024 2068 cuiusdam
1041 2004 1261 2086 possessionis
1277 2004 1377 2070 Zoieh
1394 2010 1507 2071 vocate

394 2113 579 2185 confertas,
595 2117 743 2194 petentes
769 2129 829 2175 nos
848 2110 1011 2174 humiliter
1028 2115 1062 2174 et
1078 2110 1211 2195 devote,
1237 2119 1270 2175 vl
1287 2112 1380 2196 ipsas
1398 2121 1507 2196 paten-

395 2225 446 2286 tes
464 2219 592 2287 litterns
609 2216 823 2297 ratihabere,
845 2223 877 2283 et
888 2216 1008 2284 nostris
1019 2217 1205 2299 patentibus
1222 2219 1340 2284 litteris
1357 2219 1506 2304 dignare·

396 2347 466 2392 mur·
487 2325 686 2392 confirmare.
711 2325 855 2404 Quarum
873 2323 1003 2408 quidem
1020 2327 1205 2412 patentium
1226 2327 1395 2394 literarum
1423 2339 1511 2394 tenor

397 2435 473 2506 telis
490 2441 541 2500 est
558 2459 567 2500 ι

502 2545 570 2610 NOS
588 2539 763 2608 Ladifllssus
779 2543 843 2608 slb.
861 2545 1040 2617 (iovetkezik
1062 2551 1110 2604 IV.
1127 2549 1228 2604 Llszle
1245 2551 1339 2622 kirtly
1361 2553 1508 2626 okmbnya‚

396 2657 472 2728 mely¹
486 2655 630 2710 olvoshatl
646 2655 881 2726 Okmtnytbrunk
897 2656 946 2711 IV.
968 2657 1120 2713 kbtebeben
1137 2659 1209 2712 340.
1227 2657 1258 2729 l.)

503 2757 575 2822 Nos
590 2756 688 2840 igitur
704 2756 797 2822 iustis
816 2762 848 2822 et
873 2757 1024 2839 legitimis
1050 2757 1264 2842 peticionibus
1293 2762 1508 2846 predictarum

398 2886 541 2933 sororum
558 2863 782 2931 favorabiliter
804 2863 962 2950 inclinati,
979 2866 1126 2951 prelatas
1144 2875 1294 2951 patentes
1311 2871 1439 2938 litteras
1455 2873 1510 2937 Re-

399 2977 449 3058 gis
466 2971 611 3039 Ladislai
629 2991 693 3037 non
710 2973 930 3059 cancellatas,
948 2995 1010 3039 non
1037 2977 1175 3043 abrasos
1191 2979 1399 3062 presentibus
1414 2981 1510 3046 inseri

280 3160 287 3178 ι
398 3083 543 3163 lenimus,
555 3076 616 3164 (et)
628 3080 724 3146 dietis
741 3083 904 3149 sororibus
921 3085 1117 3151 auctoritate
1134 3087 1335 3170 presencium
1357 3089 1428 3155 sine
1444 3110 1508 3174 pre·

398 3189 519 3256 iudioio
538 3188 615 3268 juris
632 3187 733 3254 alieni
749 3190 984 3258 confirmamus.
1002 3194 1121 3260 Datum
1139 3193 1229 3259 Bude
1245 3195 1277 3260 in
1297 3193 1350 3260 die
1362 3196 1508 3263 Oinernm

400 3317 486 3364 anno
502 3296 635 3364 Domini
662 3296 711 3359 M⁰
732 3297 803 3365 00⁰
818 3298 1050 3368 Lxxxx1v0.

613 3507 764 3579 (Cornides
777 3510 918 3568 keziratai
931 3513 1008 3568 VIII.
1020 3514 1179 3571 kiltete'bb'l.
1200 3518 1302 3584 Creeh.)

825 3815 1070 3832 W
