3188 5238
809 267 962 376 ..P-8..

330 463 398 531 niet
414 462 521 546 aliqua
538 465 691 549 racione,
716 463 849 548 ingenio
867 462 938 533 sive
955 481 1056 532 causa
1074 463 1116 530 de
1129 465 1206 550 jure
1228 465 1280 532 vel
1297 462 1338 530 de
1354 464 1439 531 facto

331 568 392 640 sub
407 590 494 661 pena
511 569 666 640 librarum
692 571 829 640 duorum
854 571 992 639 millium
1015 571 1265 656 quingentorum
1292 570 1440 640 denario·

257 721 260 730 ·
331 697 400 746 rum
418 677 617 748 Venetorum
634 699 816 767 parvorum,
837 681 975 748 solemni
997 680 1216 765 stipulacione
1233 680 1395 765 promisse
1411 685 1443 746 et

330 787 537 870 obligatione
565 787 707 855 omnium
725 789 881 857 bonorum
909 788 996 857 dicte
1023 790 1271 857 Communitatis
1298 794 1331 852 et
1346 789 1443 856 homi·

329 914 404 962 uum
419 897 515 964 Nous
526 896 693 964 mobilium
710 904 743 962 et
753 896 975 982 immobilium,
987 897 1191 984 presencium
1209 898 1442 964 etsnturornm.

329 1003 414 1071 Acta
430 1009 462 1070 et
476 1001 605 1071 firmata
622 1003 754 1073 fuerunt
770 1007 919 1091 predicta
936 1007 995 1074 snb
1012 1007 1103 1090 logia
1119 1025 1240 1090 magna
1257 1005 1443 1072 Communis

330 1112 441 1198 Jadrc,
465 1111 676 1199 presentibus
694 1112 835 1181 dominis
852 1113 991 1182 Volaina
1007 1114 1048 1182 de
1065 1113 1254 1189 Matafarto‚
1271 1112 1386 1196 Bogde
1404 1114 1445 1180 de

330 1221 547 1304 Lonretheua‚
566 1220 729 1290 Michaele
755 1224 797 1289 de
813 1221 992 1304 Varicasa,
1010 1219 1120 1288 llicha
1139 1221 1293 1299 Ricario,
1320 1227 1354 1288 et
1370 1220 1445 1289 Gre-

330 1328 422 1414 gorio
438 1329 525 1397 dicto
542 1326 667 1398 Greseo
679 1328 721 1396 de
737 1331 861 1398 Botone
878 1329 1005 1398 civibus
1027 1329 1141 1415 latre,
1158 1336 1189 1395 et
1204 1329 1280 1397 aliis
1296 1330 1445 1416 pluribus

331 1435 375 1504 sd
392 1435 452 1504 bec
467 1435 596 1504 vocatis
613 1445 645 1504 et
661 1439 797 1522 rogatis.

917 1530 987 1616 Ego
1011 1527 1172 1596 Antonius
1196 1529 1361 1612 quondam
1384 1527 1445 1595 Ro-

861 1637 1005 1703 landuzii
1018 1637 1060 1703 de
1069 1637 1217 1705 Bononia
1230 1637 1400 1724 imperiali
1409 1649 1445 1704 ,et

873 1745 1071 1814 Prefectoria
1085 1747 1284 1813 auctoritate
1294 1745 1404 1812 ludex
1414 1753 1445 1813 et

864 1855 1020 1922 Notarius
1046 1855 1201 1938 predictis
1225 1855 1377 1921 omnibns
1399 1854 1442 1919 in·

734 1955 737 1960 ’
861 1963 967 2047 tersui,
985 1968 1017 2030 et
1031 1969 1177 2050 utsupra
1203 1962 1330 2048 legitur,
1353 1979 1442 2044 roga

864 2076 917 2136 tus
934 2069 1067 2157 publice
1083 2069 1210 2156 scripsi.

731 2261 779 2334 (ΙΙ.
792 2282 817 2321 ο.
830 2264 952 2320 111.kot.
966 2265 1012 2323 70.
1023 2261 1055 2334 L)

856 3113 909 3180 7³.

331 3313 394 3382 Ill.
419 3313 527 3380 Errare
545 3313 653 3400 loirdly
672 3313 844 3398 moperbeo'tr‘
866 3309 998 3376 Morrcn
1023 3312 1299 3400 cloraadpbtro'nck
1324 3341 1344 3381 a
1368 3305 1440 3382 vesa-

326 3425 431 3510 proni
445 3421 660 3508 kdptctanook
676 3421 883 3506 nopybere'npi
901 3421 1073 3486 hierolorol
1090 3425 1186 3487 1294.
1212 3423 1313 3489 bozott
1328 3426 1439 3492 inoleta.

841 3530 937 3593 1295.

458 3728 613 3795 Andreas
643 3725 706 3794 Dei
738 3727 852 3811 gracia
875 3725 1041 3812 Ungarie‚
1074 3731 1268 3821 Dalmacie,
1300 3734 1441 3824 Oroacie,

334 3841 455 3924 Reme,
472 3838 605 3922 Seruio,
623 3837 763 3904 Gallioie
772 3891 782 3925 ‚
798 3837 991 3906 Lcdcmerie
1000 3893 1010 3927 ‚
1036 3840 1194 3918 Cumanis
1203 3891 1212 3924 ,
1230 3844 1443 3931 Bplgarieque

334 3949 405 4016 Rex
420 3947 581 4014 ruiuersis
591 3946 713 4015 Christi
729 3944 891 4032 fidelibus,
907 3944 976 4014 tam
992 3952 1201 4034 presentibus
1218 3973 1318 4037 qnam
1334 3956 1443 4024 futuris

335 4056 540 4142 presencium
557 4057 709 4120 noticiam
728 4052 889 4122 habituris
906 4059 1049 4125 salntem
1064 4061 1098 4126 in
1116 4061 1257 4149 Domino
1274 4066 1440 4150 sempiter-

335 4183 420 4230 nam.
446 4163 497 4232 nl
522 4165 744 4231 vniuersornm
763 4164 917 4231 noticiam
934 4171 1047 4235 tenore
1068 4172 1270 4253 presencium
1300 4175 1441 4242 volumus

335 4271 523 4358 peruenire,
548 4271 634 4353 quod
649 4268 698 4337 vir
714 4268 875 4339 discretus
895 4275 1053 4359 Magister
1071 4280 1280 4346 Andronicus
1298 4284 1443 4368 Prepesi-

336 4388 389 4448 tus
404 4379 679 4464 wesprimiensis,
698 4379 773 4448 aule
795 4382 927 4450 domine
948 4387 1074 4472 Regine
1091 4389 1285 4458 charissime
1306 4392 1457 4460 Gomon·

337 4488 380 4554 tis
394 4493 504 4555 nostre
519 4485 846 4569 vicecancellarius,
866 4491 1002 4562 dilectus
1020 4503 1053 4564 et
1068 4497 1174 4565 fidelis
1190 4505 1313 4589 noster,
1332 4503 1378 4569 ad
1392 4521 1443 4566 no-

338 4605 441 4664 stram
458 4594 620 4663 accedens
634 4600 841 4681 presenciam
855 4601 999 4668 exhibuit
1015 4609 1109 4675 nobis
1126 4608 1336 4695 privilegium
1347 4610 1443 4682 (iomi-
