3262 5242
885 395 1044 496 --.Ι-6.-

403 592 546 683 posteris
579 589 792 659 reddiderunt
817 595 849 659 et
875 591 1075 675 reliquerunt
1091 592 1124 660 in
1143 600 1337 679 perpetuum
1353 601 1521 686 possiden-

411 701 489 789 das,
506 718 698 769 eeonnerso
715 706 825 767 autem
841 699 928 766 idem
944 700 1060 768 domes
1076 701 1176 788 Byter
1200 709 1233 768 et
1248 703 1366 776 fratres
1383 711 1434 776 sui
1450 731 1521 795 pre-

404 808 494 896 dieti,
505 829 576 877 enm
586 809 619 876 in
628 807 875 894 permutaoione
886 815 918 874 et
928 809 1116 878 ooneambio
1127 812 1369 895 possessionum
1379 823 1413 883 et
1423 819 1522 885 castri

403 918 507 1005 ipsius
524 917 660 984 comitis
676 916 765 984 Petri
780 915 890 984 fratris
906 917 1060 1003 ipsorum,
1077 926 1145 986 tum
1161 919 1265 988 seiam
1281 924 1413 994 raoione
1431 927 1473 994 do
1480 932 1521 994 tis

406 1031 438 1094 et
453 1047 561 1096 rerum
585 1026 875 1114 paraphemalium
902 1027 1034 1095 domine
1059 1027 1241 1115 Elysabeth
1266 1041 1464 1120 memorate,
1490 1042 1522 1102 et

402 1141 554 1220 pretextu
571 1141 688 1220 quarte
703 1133 839 1222 duarum
855 1134 995 1202 tiliarum
1011 1153 1143 1204 suarum
1167 1136 1428 1229 antedictarum,
1446 1163 1520 1229 pos-

403 1244 569 1313 sessiones
587 1241 732 1312 eiusdem
748 1241 884 1309 domitis
901 1243 1001 1329 Byter
1017 1243 1231 1312 hereditarias
1247 1246 1409 1334 Hydweg,
1435 1251 1519 1337 Aba,

405 1358 438 1419 et
454 1351 564 1419 Olwar
575 1356 735 1433 uooatas,
762 1352 941 1418 existentes
957 1351 991 1417 in
1007 1350 1170 1420 comitatu
1187 1353 1357 1440 Huutensi,
1374 1359 1519 1443 antiquis

404 1457 499 1528 metis
517 1465 550 1529 et
565 1459 712 1526 terminis
738 1458 896 1526 limitatas
913 1465 945 1524 et
962 1459 1136 1528 distinctas
1146 1511 1156 1544 ,
1184 1483 1256 1530 oum
1272 1465 1382 1549 ligneo
1409 1474 1518 1536 oestro

403 1569 561 1638 ininsula
587 1564 732 1634 eiusdem
757 1567 836 1634 ville
851 1568 1005 1654 Hydweg
1020 1569 1200 1655 existente,
1226 1578 1259 1639 et
1274 1574 1349 1660 alijs
1372 1574 1520 1643 vtilitari-

332 1737 334 1741 .
405 1677 486 1762 bus,
503 1682 537 1743 et
561 1677 627 1742 suis
651 1675 865 1761 pertinenoiJs
887 1676 1068 1762 uniuersis,
1095 1688 1188 1762 prout
1204 1699 1261 1746 eas
1286 1680 1374 1747 idem
1400 1683 1518 1752 (lomes

404 1783 505 1870 Byter
531 1783 664 1869 habuit,
690 1785 793 1850 tenuit
818 1784 979 1850 haetenus
1004 1796 1037 1851 et
1061 1786 1226 1872 possedit,
1252 1789 1360 1855 eidem
1385 1791 1517 1859 domine

404 1890 607 1979 Elysabeth,
632 1893 747 1970 reliote
772 1892 910 1961 Comitis
935 1891 1024 1959 Petri
1051 1895 1161 1963 fratris
1187 1907 1372 1980 eorum,.et
1391 1900 1517 1967 duabus

402 2000 531 2070 filiabus
547 2001 626 2085 suis,
643 1999 839 2067 dominabus
855 1998 979 2078 Katba,
995 2007 1028 2068 et
1043 2003 1150 2081 Anna,
1168 2022 1207 2068 ao
1223 2024 1334 2071 earum
1346 2010 1518 2090 posterita-

403 2108 492 2176 tibus
509 2107 727 2194 suooessiuis‚
745 2108 924 2187 dederunt,
942 2109 1155 2194 tradiderunt,
1176 2131 1213 2178 uo
1230 2117 1423 2198 statuerunt,
1441 2115 1515 2180 irre·

328 2256 331 2261 -
399 2215 592 2284 notabiliter
606 2214 776 2282 habendas
786 2216 855 2281 iure
865 2223 1022 2302 perpetuo
1033 2223 1065 2284 et
1081 2221 1247 2304 tenendas,
1258 2242 1323 2287 vna
1339 2243 1409 2288 oum
1427 2243 1515 2289 man-

405 2325 500 2410 oipijs
517 2325 722 2412 bereditarijs
747 2325 851 2410 ipsius
867 2323 1003 2392 Comitis
1019 2327 1128 2410 Petri,
1154 2329 1334 2412 Augustino
1359 2329 1514 2398 videlieet

402 2452 474 2500 eum
489 2433 567 2517 filijs
584 2433 674 2518 suis,
694 2439 804 2517 preter
819 2453 971 2517 uxorem,
989 2439 1021 2500 et
1035 2433 1121 2500 filias
1138 2456 1235 2522 suas,
1262 2445 1294 2502 et
1310 2437 1440 2505 Kotaoh
1450 2489 1459 2523 ,
1475 2459 1514 2504 ao

402 2544 472 2608 eius
489 2561 596 2624 uxore,
614 2540 691 2626 filijs
709 2546 741 2607 et
755 2540 885 2606 filiabus
901 2542 979 2624 suis,
998 2545 1148 2612 omnibus
1165 2545 1269 2612 seiam
1290 2546 1397 2614 seruis
1414 2553 1447 2612 et
1463 2567 1517 2612 an·

403 2649 488 2716 oillis
504 2649 675 2733 acquisitis
692 2654 724 2716 et
740 2651 901 2734 emptioijs
918 2650 1021 2734 ipsius
1038 2650 1173 2718 Comitis
1192 2653 1297 2735 Petri,
1316 2653 1438 2720 eisdem
1460 2655 1514 2720 tri-

403 2759 465 2824 bus
482 2757 696 2837 dominabus,
722 2765 755 2823 et
771 2777 882 2826 earum
897 2761 1145 2846 posteritatibus
1170 2761 1412 2846 inperpetuum
1436 2764 1516 2830 assi-

402 2868 533 2952 gnatis3
559 2870 690 2952 insuper
716 2866 866 2933 ducentis
892 2869 1010 2936 mareis
1036 2871 1167 2951 argenti
1191 2870 1225 2936 in
1251 2871 1513 2938 additamentum

403 2975 660 3058 satisfaooionis,
685 2983 716 3042 et
732 2976 908 3043 soluoionis
924 2977 1155 3060 premissarum
1172 2977 1269 3062 dotis,
1287 2987 1319 3046 et
1335 3001 1443 3047 rerum
1459 3001 1514 3064 pa·

402 3083 614 3152 rafernalium
624 3133 634 3168 ,
652 3105 691 3149 ao
707 3089 823 3167 quarte
838 3075 1085 3168 promissarum,
1102 3087 1183 3169 ipsis
1200 3087 1302 3154 tribus
1320 3087 1513 3155 dominabus

404 3194 554 3278 plenarie
570 3192 753 3277 persolutis.
773 3193 908 3276 Quibus,
927 3200 959 3258 et
973 3194 1129 3278 predictis
1140 3197 1242 3262 tribus
1259 3196 1347 3264 villis
1364 3196 1513 3278 reoeptis,

404 3321 503 3385 super
519 3301 596 3368 dote
612 3309 645 3367 et
661 3307 779 3385 quarta
803 3301 987 3368 huiusmodi
1012 3300 1125 3368 eedem
1144 3304 1270 3369 domine
1286 3324 1323 3370 se
1349 3323 1424 3369 esse
1441 3323 1512 3368 oon-

401 3417 510 3476 tentas
527 3409 680 3491 fatentes,
698 3416 730 3473 et
747 3410 794 3475 eis
812 3407 915 3476 luisse
939 3408 1143 3475 satisfaotum
1159 3410 1342 3494 peremnia
1358 3429 1513 3496 recogno·
1595 3469 1597 3478 .

402 3525 542 3600 suentes,
568 3519 675 3604 ipsum
691 3516 850 3585 Comitem
874 3521 994 3604 Byter,
1019 3525 1052 3586 et
1067 3517 1184 3584 fratres
1208 3539 1284 3587 suos
1307 3519 1515 3604 superfacto

402 3626 487 3694 dotis
515 3632 548 3692 et
563 3633 678 3708 quarte
694 3626 974 3712 supradictarum,
998 3626 1196 3710 reliquerunt
1211 3627 1364 3713 legaliter
1380 3627 1511 3712 expedi-

401 3743 472 3822 tos;
490 3735 754 3818 condicionibus,
771 3733 1034 3820 obligationibus
1050 3742 1084 3802 et
1101 3736 1245 3802 articulis
1261 3737 1448 3804 huiusmodi
1464 3737 1513 3802 in-

401 3843 555 3926 terieotis,
574 3849 609 3908 ut
625 3843 667 3909 ab
686 3843 836 3909 omnibus
854 3843 1092 3927 questionibus,
1110 3849 1143 3908 et
1162 3844 1427 3929 impetitionibus
1444 3863 1514 3910 oon·

404 3961 456 4021 tra
471 3953 564 4038 ipsas
579 3959 645 4017 tres
662 3949 810 4018 dominas
828 3957 861 4018 et
877 3971 987 4018 earum
1003 3951 1161 4031 heredes,
1178 3958 1211 4019 et
1226 3971 1446 4036 successores,
1463 3972 1514 4017 ra-

404 4063 500 4130 oione
515 4060 735 4148 predictarum
752 4059 848 4125 trium
863 4059 1029 4144 villarum,
1056 4067 1088 4126 et
1104 4079 1234 4126 suarum
1251 4060 1426 4127 utilitatum
1447 4060 1513 4126 ullo

401 4187 547 4254 unquam
563 4176 712 4256 tempore
727 4165 914 4252 suscitatis,
930 4168 1000 4255 ipse
1017 4169 1132 4236 comes
1155 4173 1255 4256 Byter
1271 4179 1304 4235 et
1320 4169 1372 4236 sni
1386 4169 1513 4253 fratres,

403 4299 444 4346 au
461 4297 572 4346 eorum
588 4277 809 4365 posteritates,
825 4277 972 4362 prefatas
982 4282 1050 4344 tres
1067 4279 1217 4346 dominas
1234 4285 1264 4343 et
1276 4297 1387 4346 earum
1403 4278 1514 4362 proles

399 4397 433 4458 et
449 4405 671 4474 successores,
689 4386 866 4472 expedient
875 4387 1092 4472 indempniter
1108 4387 1330 4473 suisproprijs
1345 4385 1513 4454 laboribus

400 4503 433 4564 et
449 4497 626 4584 expensis,
651 4497 685 4562 in
700 4502 859 4580 perpetua
882 4502 994 4561 tenuta
1018 4501 1051 4560 et
1066 4495 1207 4579 paoifioa
1231 4494 1444 4580 possessione
1460 4513 1513 4561 ea·

398 4607 548 4676 rumdam
564 4606 660 4672 trium
684 4607 837 4672 villarum
861 4611 894 4672 et
909 4604 1185 4689 pertinenoiarum
1210 4625 1361 4690 suarum,
1387 4604 1514 4689 absque

398 4719 486 4790 omni
502 4715 654 4785 molestia
679 4712 911 4798 conseruando,
928 4712 1051 4780 nullam
1067 4735 1140 4782 oum
1156 4713 1281 4784 eisdem
1291 4714 1396 4782 tribus
1413 4713 1513 4784 domi-
