3214 5238
851 259 1012 364 ,ξι-4-

370 464 434 550 ipsi
449 466 563 532 essent
571 458 714 545 rudique
725 460 932 529 conmotauei
948 464 1036 528 terre
1051 457 1143 528 Pucb
1160 456 1364 542 supradicte,
1380 465 1414 523 et
1424 475 1501 521 caa-

369 591 439 637 ssm
455 573 617 638 baberent
633 589 705 636 oum
723 568 847 638 eisdem
862 567 941 652 filijs
957 567 1112 654 Dyonisij
1130 565 1259 632 diucius
1277 564 1500 647 nominatam,

369 677 456 746 idom
471 679 588 748 Comes
605 679 730 766 llylron
756 678 843 746 filius
864 712 901 723 -
923 711 960 724 -
980 710 1025 723 —
1043 713 1083 725 -
1101 674 1281 743 obiecisset
1297 680 1330 740 et
1346 672 1409 738 fuit
1425 692 1502 738 uon-

369 785 486 869 lossus,
503 785 590 870 quud
606 787 715 872 ipsam
732 794 852 855 terram
868 785 959 852 Pnob
977 784 1167 872 porcionem
1183 783 1326 850 liliorum
1345 779 1502 867 Dyonisij

369 895 590 982 predictorum
606 917 665 982 pro
681 903 774 964 tanto
789 895 961 980 reciperet,
979 899 1015 958 ut
1028 891 1179 960 eamdem
1195 889 1321 959 eisdem
1337 889 1503 974 magistro

371 1003 540 1088 Stephano
566 1011 599 1072 et
614 1003 773 1070 iratribus
789 1004 875 1085 suis,
901 999 981 1088 filijs
997 1000 1131 1068 Endree
1148 1000 1266 1084 Ourni,
1291 1002 1325 1064 in
1341 1016 1504 1064 oonoam·

370 1109 459 1176 bium
475 1116 562 1178 terre
577 1109 694 1178 Ladan
709 1106 856 1176 traderet
872 1114 906 1174 et
921 1108 1016 1174 daret
1031 1106 1289 1195 possidendam,
1306 1126 1371 1173 nee
1388 1126 1451 1190 pro
1468 1123 1504 1170 se

372 1225 430 1288 aut
445 1238 505 1304 pro
520 1219 599 1304 filijs
615 1217 753 1286 Comitis
767 1217 871 1303 Bpter
886 1217 1044 1284 retineret
1053 1266 1063 1300 ,
1079 1214 1140 1282 sed
1157 1215 1248 1300 ipsos
1263 1213 1353 1280 filios
1371 1211 1503 1280 Endree

370 1326 469 1394 (lurni
494 1327 528 1392 in
553 1325 692 1412 pacifica
716 1324 931 1411 possessione
956 1324 1045 1392 dicte
1071 1329 1158 1391 terre
1183 1343 1245 1409 per
1269 1321 1503 1390 concambium

371 1442 458 1502 terro
474 1433 601 1502 Ladona
617 1433 740 1504 tradito
755 1439 978 1516 consecraret,
999 1451 1061 1500 nee
1076 1431 1154 1517 alijs
1171 1432 1237 1500 nisi
1252 1431 1317 1500 sibi
1334 1429 1503 1498 uendendi

371 1544 512 1612 baberet
527 1543 731 1611 laenitatem·
759 1544 861 1614 cuius
886 1539 1019 1626 quidem
1035 1547 1123 1610 terre
1138 1541 1229 1608 Puob
1249 1547 1338 1608 mete
1354 1543 1399 1609 ab
1426 1541 1502 1625 alijs

370 1652 467 1720 terris
484 1653 533 1720 sie
548 1649 790 1738 distinguntur:
808 1652 950 1738 Aparto
966 1648 1165 1718 oooidentali
1180 1671 1203 1718 a
1218 1656 1308 1719 terra
1323 1650 1441 1719 Dolan
1457 1650 1502 1714 iu·

372 1756 527 1844 oipiendo
543 1759 577 1826 in
592 1761 780 1828 summitate
796 1758 943 1826 oollionli
960 1758 1138 1826 eommunis
1156 1764 1233 1826 sunt
1249 1765 1318 1827 tres
1334 1765 1425 1826 mete
1440 1764 1501 1825 ter·

373 1884 430 1934 ree
445 1865 590 1953 antique,
608 1865 725 1950 quibus
740 1872 840 1935 antea
856 1864 1086 1951 possederunt,
1103 1885 1240 1950 quarum
1259 1885 1325 1932 una
1343 1864 1467 1932 diuidit
1482 1888 1501 1932 a

371 1973 448 2060 fflijs
465 1974 605 2058 lindree,
616 1974 800 2062 alisafilijs
817 1973 983 2062 Dyouisij,
994 1979 1028 2040 et
1038 1975 1144 2042 loreia
1159 1974 1278 2042 diuidit
1295 1997 1316 2041 a
1331 1980 1424 2042 terra
1439 1974 1503 2038 Do·

372 2082 448 2168 lan;
465 2080 541 2149 dein
557 2083 652 2150 uadit
667 2081 711 2153 ad
721 2093 850 2169 partem
866 2083 1059 2152 orientalem
1070 2089 1103 2151 et
1118 2083 1151 2150 in
1162 2084 1300 2170 antiqua
1314 2083 1382 2169 nia,
1394 2081 1451 2148 nbi
1462 2101 1501 2148 ex

373 2194 513 2273 utraque
529 2197 626 2275 parte
640 2192 693 2258 nie
710 2197 786 2258 sunt
801 2190 867 2260 due
887 2197 973 2258 mete
989 2193 1118 2261 nouiter
1142 2199 1262 2275 erecte,
1279 2212 1422 2278 quarum
1438 2208 1501 2257 uua

374 2297 491 2366 diuidit
506 2320 528 2365 a
543 2299 624 2386 filijs
649 2299 779 2368 Endree
797 2306 831 2368 et
855 2301 924 2368 alia
940 2303 983 2369 ab
1000 2300 1135 2369 Edeuob
1145 2351 1154 2385 ,
1171 2320 1254 2385 quas
1271 2301 1392 2368 iterum
1411 2318 1499 2366 reno·

375 2415 512 2492 naruot;
528 2406 646 2476 deinde
663 2409 697 2476 in
714 2409 832 2476 eadem
848 2409 905 2476 uia
921 2409 1067 2478 declinat
1092 2429 1209 2476 uersus
1233 2409 1501 2494 septemtrionem

376 2514 629 2599 descendendo,
646 2516 701 2584 ubi
716 2523 791 2582 sunt
807 2516 871 2584 due
887 2522 974 2584 mete
989 2518 1133 2600 antique,
1150 2536 1234 2600 quas
1249 2522 1456 2585 renouarunt
1471 2517 1502 2580 in

379 2623 521 2708 virgulto
545 2643 648 2710 propo
673 2632 794 2692 terram
810 2625 988 2707 arabilem,
1015 2623 1091 2692 inde
1117 2624 1289 2692 deseendit
1311 2623 1355 2689 ad
1383 2631 1500 2689 terram

374 2731 537 2798 arabilem
554 2737 586 2798 et
602 2732 650 2800 ibi
664 2739 740 2800 suut
756 2731 819 2800 due
836 2738 922 2800 mete
938 2733 1073 2816 antique
1088 2731 1207 2798 iterum
1232 2737 1404 2813 renouate,
1422 2749 1499 2812 qua·

376 2859 446 2906 rum
473 2860 539 2907 una
564 2841 683 2908 diuidit
708 2862 730 2906 a
756 2839 833 2926 filijs
858 2839 989 2910 Endree
1014 2848 1049 2906 et
1064 2842 1133 2908 alia
1148 2841 1190 2910 ab
1207 2839 1360 2925 Edeuob5
1386 2838 1500 2923 deinde

378 2949 548 3018 descendit
559 2949 602 3016 ad
612 2948 742 3016 fluuium
753 2953 881 3036 Menos,
894 2955 927 3016 et
941 2949 1089 3027 ibieiroa
1104 2949 1239 3018 fluuium
1251 2956 1328 3017 snut
1344 2950 1500 3016 duemete

378 3056 519 3143 antique,
537 3080 600 3142 que
617 3064 692 3128 suut
701 3065 868 3142 renouato,
879 3078 1017 3140 quarum
1029 3079 1094 3126 una
1105 3058 1225 3126 diuidit
1241 3081 1262 3124 a
1277 3055 1356 3140 filijs
1372 3057 1500 3124 Endree

379 3172 412 3231 et
430 3165 498 3232 alia
514 3170 557 3236 ab
572 3167 725 3251 Edeueh3
743 3167 864 3234 deinde
880 3165 970 3232 uadit
988 3175 1020 3234 et
1035 3168 1124 3237 cadit
1139 3167 1173 3232 in
1189 3167 1323 3234 fluuium
1336 3167 1458 3236 ,Menos
1474 3171 1501 3231 et

377 3274 530 3342 aseendit
546 3274 684 3358 primum
701 3274 733 3340 in
752 3272 853 3340 fluuio
870 3271 968 3363 (igy),
985 3281 1017 3342 ot
1032 3275 1079 3343 ibi
1095 3276 1214 3344 transit
1239 3275 1345 3358 ipsum
1371 3273 1499 3342 fluuium

379 3389 413 3449 et
428 3382 521 3449 uadit
536 3383 579 3448 ad
604 3384 887 3467 septemtrionem,
916 3383 970 3448 ubi
986 3390 1063 3450 sunt
1078 3385 1143 3451 due
1159 3389 1245 3450 mete
1262 3385 1419 3468 antique,
1445 3401 1501 3466 que
1593 3439 1594 3444 ,

379 3497 455 3558 sunt
470 3497 639 3578 renouato,
656 3512 793 3574 quarum
809 3512 874 3559 nna
889 3490 1006 3558 diuidit
1021 3514 1042 3560 a
1067 3491 1146 3578 filijs
1172 3493 1304 3560 Endree
1330 3498 1363 3558 et
1380 3492 1449 3560 alia
1463 3493 1500 3558 ab

378 3597 534 3683 Edeuoh5
550 3600 670 3667 deinde
680 3599 771 3669 uadit
781 3597 929 3665 similiter
942 3598 987 3666 ad
1003 3599 1270 3684 septemtrionem
1286 3601 1377 3666 eirea
1394 3600 1500 3667 villam

380 3709 414 3776 in
431 3712 520 3772 terra
537 3707 666 3793 arabili,
682 3708 716 3774 in
731 3709 795 3774 fine
811 3706 956 3774 eiusdem
973 3712 1151 3776 terrebunt
1168 3709 1231 3774 due
1248 3715 1336 3775 mete
1361 3709 1500 3792 antique,

380 3834 517 3901 quarum
534 3833 599 3881 una
615 3823 751 3900 separat
774 3835 796 3882 a
811 3813 890 3899 filijs
907 3813 1037 3883 Endree
1054 3822 1085 3880 et
1101 3817 1170 3882 alia
1188 3821 1230 3886 ab
1248 3817 1425 3906 Eedeneb3
1452 3818 1500 3884 de·

380 3923 458 3991 inde
476 3921 660 4008 incipiendo
678 3945 698 3990 a
715 3924 789 3990 fine·
808 3925 878 3991 eins
895 3929 980 3989 terre
997 3925 1090 3992 uadit
1106 3926 1152 3992 ad
1169 3933 1296 4010 partem
1313 3919 1518 3994 orientalem

381 4031 425 4102 ad
441 4050 594 4115 magnum
611 4033 769 4116 spacium,
787 4041 820 4098 et
835 4031 987 4100 aseendit
1003 4033 1047 4102 ed
1065 4051 1163 4102 unum
1179 4035 1374 4119 colliculum,
1394 4035 1502 4118 quiest

381 4141 496 4208 subtus
512 4139 543 4204 N
545 4142 623 4218 ulos,
641 4146 674 4206 et
690 4139 735 4206 ibi
752 4161 794 4208 ex
808 4147 947 4226 utraque
963 4149 1057 4227 parte
1083 4143 1136 4212 uie
1151 4151 1228 4211 sunt
1244 4144 1307 4212 due
1323 4151 1412 4212 mete
1428 4144 1501 4210 anti·

383 4268 445 4332 que
454 4297 465 4333 ,
491 4268 627 4332 quarum
643 4269 710 4320 una
725 4249 844 4316 diuidit
860 4271 880 4316 a
896 4250 975 4336 filijs
992 4250 1142 4340 Endree,
1156 4259 1190 4318 et
1207 4253 1274 4318 alia
1290 4254 1334 4320 ab
1352 4250 1498 4333 Edeuob3

383 4354 503 4423 deinde
519 4355 708 4444 inoipiendo
724 4357 817 4426 uadit
828 4378 942 4426 uersus
959 4359 1129 4426 meridiem
1142 4360 1186 4428 ad
1196 4368 1318 4427 terram
1335 4359 1497 4443 arabilem,

384 4468 416 4528 et
431 4463 477 4529 ibi
494 4472 570 4532 sunt
595 4465 659 4531 due
675 4473 771 4550 mete,
799 4485 935 4550 quarum
951 4487 1018 4533 una
1035 4491 1056 4536 a
1071 4468 1151 4553 filijs
1169 4468 1297 4536 Endree
1322 4473 1459 4553 separat
1473 4474 1499 4534 et

383 4570 452 4638 alio
468 4571 509 4639 ab
525 4571 680 4658 noenum
698 4580 732 4641 et
746 4570 824 4640 inde
835 4575 952 4642 transit
968 4595 1028 4660 per
1042 4583 1171 4660 pratum
1183 4584 1215 4644 et
1228 4577 1365 4647 fluuium
1381 4579 1498 4660 Menos,
