3262 5242
648 962 702 1029 27.

113 1159 136 1223 Ι
138 1160 172 1226 V.
189 1159 308 1226 Miletos
326 1164 419 1248 popa
442 1163 551 1244 Iloua,
577 1185 598 1225 a
621 1161 755 1227 scordici
778 1161 936 1248 loirdlyoe',
961 1161 1110 1248 ppoctotd
1131 1162 1234 1246 atyjdt

301 1269 484 1336 readloim'tlo‘
498 1267 702 1336 hololommol
717 1267 857 1334 ruldzzo
866 1267 929 1353 fel.
953 1269 1050 1334 1291.

216 1463 372 1536 Nicolans
389 1468 572 1556 Episcopus
597 1488 713 1540 seruus
729 1487 895 1534 seruorum
922 1461 986 1532 Dei
1011 1465 1183 1533 carissime
1198 1466 1231 1531 in

111 1572 239 1644 Christo
257 1573 323 1641 filie
341 1575 445 1643 illene
471 1579 597 1662 Regino
613 1579 726 1656 Seruio
743 1578 866 1643 Illustri
889 1575 1028 1642 salutem
1044 1580 1076 1642 et
1091 1565 1230 1660 Aposto-

110 1682 206 1748 licam
222 1683 493 1752 benedictionem.
520 1686 650 1766 Quanto
666 1703 840 1773 personam
865 1690 955 1751 tuam
979 1683 1095 1751 maiori
1119 1703 1231 1771 prose·

109 1792 234 1873 quimnr
250 1791 453 1876 plenitudine
470 1794 639 1881 caritatis,
656 1801 749 1861 tanto
766 1793 920 1861 libentius
940 1788 1026 1861 votis
1045 1791 1109 1859 tuis
1126 1792 1231 1861 liben-

109 1906 156 1965 tor
172 1899 357 1986 annuimus,
376 1901 408 1966 in
425 1899 488 1967 hiis
505 1902 694 1988 potissime,
721 1922 784 1985 que
801 1899 922 1968 debent
938 1902 1002 1969 tuis
1025 1900 1122 1968 iustis
1139 1901 1231 1969 desi-

109 2007 208 2074 deriis
226 2030 303 2080 esse
319 2017 426 2097 grata,
444 2017 566 2097 tueque
590 2013 701 2080 animo
717 2014 858 2080 salntem
874 2013 1038 2098 respicere
1061 2011 1234 2078 dinoscun-

108 2123 165 2182 tur.
182 2116 267 2183 Tuis
283 2118 384 2202 igitur
402 2119 533 2186 devotis
550 2120 1017 2206 supplicationibusinclinati,
1035 2121 1230 2186 auctoritato

106 2227 163 2292 tibi
179 2227 383 2311 presentium
398 2227 629 2312 indulgemus,
647 2236 682 2293 ut
698 2228 820 2296 dilecto
837 2227 904 2296 filio
924 2227 1017 2295 fratri
1033 2227 1172 2296 Nicolao
1189 2226 1230 2292 de

107 2335 247 2417 Vesica,
276 2332 410 2402 Ordinis
427 2335 566 2404 fratrum
591 2337 750 2404 Minorum
763 2387 772 2420 ,
798 2335 852 2402 vel
870 2335 973 2403 cuivis
999 2335 1057 2403 alii
1083 2337 1228 2404 discreto

106 2441 197 2510 fratri
224 2443 376 2543 eiusdem
391 2444 526 2513 Ordinis
550 2447 752 2531 presbitero,
770 2465 884 2529 quem,
903 2447 1073 2531 quotiens,
1098 2449 1228 2533 oportu-

107 2554 317 2638 nominarit,
342 2543 375 2620 in
393 2553 616 2624 confessorem
641 2555 775 2624 duxeris
802 2555 1012 2643 eligendum,
1036 2562 1094 2622 tua
1117 2553 1228 2640 possis

106 2661 253 2730 confiteri
268 2668 418 2747 peccata,
429 2670 461 2729 et
477 2664 520 2730 ab
537 2683 577 2730 eo
589 2665 738 2750 recipere
763 2665 941 2730 salutarem
959 2664 1173 2749 penitentiam
1189 2683 1230 2728 ac

106 2773 214 2840 debito
233 2771 453 2839 absolutionis
480 2773 670 2840 beneficium
689 2773 729 2840 de
747 2770 947 2856 commissis,
974 2772 1115 2854 etiamsi,
1142 2768 1232 2854 quod

106 2881 210 2964 absit,
239 2881 322 2946 talia
340 2881 526 2963 extiterint,
553 2889 766 2969 propterque
793 2881 897 2948 Sedes
923 2887 1010 2947 esset
1034 2877 1228 2966 Apostolioa

106 2987 220 3054 merito
249 2988 461 3056 consulenda.
484 2987 576 3054 Nulli
592 3009 670 3073 crgo
696 2995 757 3056 etc.
775 2995 888 3056 nostre
914 2986 1140 3054 concessionis
1164 2991 1230 3050 eto.

104 3097 223 3164 Datum
241 3095 329 3181 apud
341 3095 752 3166 Urbem-Veteremidibus
762 3097 881 3180 Martii,
893 3095 1104 3163 Pontificatus
1120 3093 1227 3162 nostri

106 3227 189 3275 anno
210 3213 340 3291 quarto.

192 3383 256 3456 (IV.
271 3384 375 3443 Mikros
385 3384 465 3459 pdpa
483 3384 673 3461 Regestlibdl
687 3385 812 3443 Thsiner
824 3386 864 3442 id.
877 3405 912 3442 m.
926 3386 949 3442 1.
962 3384 1023 3440 lot.
1036 3383 1096 3440 375.
1109 3379 1140 3454 l)

534 3678 804 3692 ..Ἤ
