3214 5238
623 988 695 1054 tul.

156 1185 224 1251 ΙΙΙ.
241 1183 350 1250 Badra
366 1185 474 1272 kiratp
489 1185 666 1271 moperdstta'
680 1182 823 1272 Sopronp
839 1187 931 1252 oar-os
948 1185 1170 1272 szadodadpac't

497 1291 500 1297 ’
543 1293 798 1358 taam-uuor.-
823 1286 1075 1427 msz'
1097 1321 1141 1389 cp,

205 1489 357 1558 Andreas
373 1489 437 1556 Dei
453 1492 565 1586 gracia
580 1489 650 1556 Rex
661 1489 831 1576 Hungarie
848 1487 1001 1558 fidelibus
1016 1490 1085 1559 suis
1095 1489 1224 1557 vniuer·
1330 1580 1333 1586 Ι

100 1598 147 1665 sis
162 1597 288 1666 ciuibus
305 1617 364 1665 seu
388 1597 574 1684 hospitibus
600 1597 640 1666 de
657 1599 819 1684 Suprunio
846 1602 984 1667 salutem
1010 1607 1043 1665 et
1067 1597 1224 1682 graciam.

99 1702 191 1783 Quia
207 1707 368 1774 Comitem
393 1705 577 1792 Wlwyuum
603 1713 636 1774 et
661 1709 854 1791 magistrum
878 1708 1045 1775 Andream
1071 1705 1226 1774 concines

99 1821 227 1882 vestros
245 1834 318 1881 cum
334 1815 452 1884 litteris
468 1815 587 1882 vestris
604 1815 650 1882 ad
665 1836 727 1882 nos
743 1815 785 1882 ad
797 1821 911 1899 partes
928 1821 995 1880 tam
1012 1820 1164 1897 remotas,
1181 1811 1225 1880 ad

102 1919 301 1990 visitandam
322 1941 498 2006 personam
514 1929 668 2006 nostram,
687 1929 719 1990 et
736 1924 779 1989 ad
797 1922 1039 2008 propalandam
1064 1920 1225 2003 qucrimo-

97 2029 186 2096 niam
201 2037 346 2098 vestram
362 2029 405 2094 ad
422 2048 481 2095 nos
497 2029 738 2114 transmisistis,
755 2027 905 2096 fidelitati
927 2027 1153 2097 vniuersitatis
1170 2048 1224 2096 ve

42 2201 46 2207 .
99 2144 166 2202 stre
182 2135 355 2204 referimus
372 2136 493 2204 multas
508 2143 636 2222 grates.
654 2137 792 2222 Propter
808 2135 896 2220 quod
912 2142 1059 2204 vestram
1075 2135 1108 2201 in
1125 2137 1225 2204 omni-

100 2245 161 2311 bus
178 2243 316 2310 fecimus
332 2249 364 2309 et
380 2243 539 2310 faciemus
556 2243 772 2311 voluntatem.
799 2245 906 2329 Super
923 2264 962 2310 eo
980 2249 1108 2326 autem,
1135 2242 1224 2326 quod

100 2352 265 2434 perterriti
290 2351 418 2434 fuistis,
444 2353 532 2434 quod
548 2372 609 2418 nos
635 2353 828 2437 magistrum
852 2351 1039 2418 Johannem
1065 2351 1226 2418 Cornitem

98 2457 358 2542 Supruniensem
385 2465 416 2528 et
432 2457 592 2527 Comitem
608 2459 814 2534 Castriferrei
838 2461 933 2529 vobis
951 2460 984 2527 in
1009 2459 1226 2545 Capitaneum

96 2565 313 2654 prefecimus,
329 2567 496 2656 noveritis,
515 2567 603 2652 quod
618 2587 683 2635 non
699 2567 846 2654 fecimus,
862 2589 939 2655 ymo
950 2569 1220 2636 conseruabimus

95 2693 157 2742 vos
174 2676 208 2740 in
223 2675 284 2740 illa
302 2683 335 2741 et
351 2674 466 2743 eadem
483 2677 636 2745 libertate
652 2682 773 2758 vestra,
791 2679 824 2744 in
841 2698 906 2761 qua
924 2697 945 2741 a
961 2684 1106 2761 tempore
1124 2675 1225 2743 domi-

97 2801 215 2848 norum
231 2781 312 2849 Bel'e
331 2791 362 2849 et
378 2782 538 2868 Stephani
554 2783 734 2852 illustrium
750 2785 876 2872 Regum
894 2784 1062 2870 Hungarie
1080 2783 1224 2852 felicium

98 2889 379 2979 recordacionum,
396 2893 645 2961 karissimorum
662 2914 799 2962 auorum
818 2901 1011 2977 nostrorum,
1028 2893 1121 2960 iuxta
1136 2891 1227 2978 ipso·

95 3017 170 3064 rum
196 2999 438 3067 continenciam
463 2999 712 3084 priuilegiorum
736 3001 968 3089 permansistis
993 2998 1226 3084 usquemodo.

96 3108 141 3172 Εἰ
156 3105 190 3172 id
208 3108 304 3174 uobis
316 3107 477 3175 faciemus
494 3106 576 3175 data
592 3109 656 3175 tide
666 3115 780 3178 nostra
798 3109 926 3195 Regali,
943 3114 975 3173 et
991 3106 1097 3174 adhuc
1109 3107 1141 3172 in
1158 3107 1229 3190 plu-

96 3214 191 3282 ribus
206 3219 352 3282 vestram
369 3215 569 3300 peticionem
585 3216 815 3303 admittemus,
841 3217 929 3283 sicut
948 3217 982 3282 in
1003 3216 1156 3284 libertate
1172 3233 1226 3281 re·

97 3328 170 3408 stra
185 3322 393 3407 priuilegium
409 3324 511 3408 Regis
527 3325 679 3394 Ladislai
695 3327 859 3408 continet,
877 3331 910 3391 et
926 3330 1040 3393 nostro
1057 3321 1226 3391 confirma·

66 3415 72 3426 “
96 3431 207 3496 ulmus
220 3428 408 3516 priuilegio.
425 3434 509 3498 Item
522 3434 755 3525 concessimus,
773 3431 859 3517 quod
870 3431 1064 3519 sagittarios
1076 3431 1226 3518 populos,

99 3556 184 3620 quos
201 3538 353 3606 dominus
369 3539 560 3626 Stephanus
587 3547 620 3607 et
637 3541 789 3609 dominus
805 3540 982 3608 Ladislaus
1007 3542 1116 3625 Reges
1132 3537 1226 3606 uobis

96 3646 133 3712 in
150 3646 258 3714 socios
276 3647 497 3734 deputarunt,
525 3647 739 3732 relinquimus
757 3655 789 3714 et
806 3666 866 3714 nos
882 3647 988 3731 vobis,
1006 3647 1039 3713 in
1056 3646 1171 3714 eadem
1188 3644 1226 3710 li·

97 3756 229 3821 bertate
254 3775 498 3838 permansuros.
525 3755 847 3837 Ocniamvolumus,
875 3756 964 3839 quod
979 3775 1038 3824 vos
1065 3753 1096 3820 in
1115 3760 1226 3821 vestra
1321 3797 1326 3801 -

92 3865 248 3933 libertate
265 3866 466 3936 conservetis
483 3865 575 3935 iuxta
590 3868 710 3934 omnia.
735 3868 857 3934 Datum
874 3865 907 3931 in
923 3865 1059 3935 lwanch
1078 3863 1163 3932 feria
1180 3865 1222 3931 ΙΙ.

96 3971 250 4060 proxima
264 3979 340 4057 post
355 3973 474 4040 festum
491 3973 607 4041 Sancti
622 3973 713 4040 Petri
730 3974 775 4039 ad
789 3973 939 4041 Vincula.

302 4165 449 4240 (Soprony
462 4165 548 4254 varos
561 4166 764 4228 leveltartbol.
778 4169 892 4222 Haemi
904 4167 1024 4236 lltltdlp.)

534 4469 795 4484 a-n-——fl-n-e—n—-at
