3166 5238
911 983 982 1048 ttt

389 1183 419 1248 A
435 1182 533 1248 todai
547 1181 702 1268 ltdptulcrr
712 1179 981 1269 bizoaysdpleaale,
998 1181 1079 1268 bopy
1090 1178 1269 1265 Mecbfracb
1284 1178 1380 1244 dadai
1389 1178 1506 1262 polpdr

392 1293 509 1379 njmcls‘
532 1291 656 1377 rzdbjtt
672 1290 867 1375 Ldszldauk,
897 1290 1040 1356 Tiocdar
1064 1291 1155 1376 pydra'
1174 1288 1298 1377 pdapdlt
1322 1285 1506 1354 retractet

831 1397 948 1466 clarita.
968 1399 1066 1465 1297.

797 1595 1102 1664 ABG.

498 1759 687 1847 Capitulum
703 1757 864 1827 Budensis
880 1757 1028 1826 Ecclesie
1043 1757 1195 1826 omnibus
1207 1753 1329 1823 Christi
1345 1753 1505 1840 fidelibus,

390 1871 507 1957 quibus
524 1873 695 1956 presentes
711 1865 943 1953 ostendentur,
969 1867 1111 1934 salutern
1126 1865 1161 1931 in
1178 1864 1318 1931 Domino
1337 1865 1505 1949 sempiter-

389 1998 477 2048 nam.
501 1977 733 2045 Vniuersorum
758 1974 880 2042 noticia
895 1980 963 2040 tam
980 1973 1188 2058 presencium
1212 1991 1311 2055 quam
1329 1971 1506 2038 futurorum

390 2086 505 2152 barum
540 2082 770 2153 insinuacionc
803 2083 985 2150 litterarum
1009 2083 1158 2150 volumus
1192 2080 1265 2147 fieri
1290 2080 1506 2164 manifestum,

391 2194 477 2277 quod
493 2193 678 2260 llecbirecb
701 2189 788 2260 filius
803 2191 991 2258 llechfrecb
1013 2191 1097 2258 ciuis
1114 2191 1157 2257 de
1181 2196 1289 2258 castro
1304 2189 1453 2256 Budensi
1468 2187 1507 2252 ad

391 2311 535 2372 nostram
550 2302 769 2390 personaliter
785 2297 950 2370 accedens
966 2301 1181 2386 presenciam,
1204 2298 1442 2367 dimidietatem
1459 2315 1507 2364 cu-

391 2411 522 2479 iusdam
536 2411 643 2494 vinee,
660 2431 724 2494 que
740 2410 906 2494 quondam
922 2410 1058 2479 Comitis
1075 2411 1143 2478 Jak
1158 2408 1277 2490 fuerat,
1297 2414 1331 2476 in
1346 2407 1507 2474 territorio

392 2518 510 2608 Vymal
526 2521 612 2588 inter
635 2520 753 2587 vineas
768 2518 1023 2608 Bartholomey,
1037 2526 1069 2584 et
1083 2519 1223 2586 filiorum
1241 2518 1376 2585 Comitis
1393 2515 1508 2585 (lhnda

394 2628 466 2711 site,
483 2647 503 2692 a
519 2635 613 2712 parte
629 2627 840 2694 meridionali
856 2627 1070 2713 existentem,
1095 2645 1194 2709 qnam
1217 2626 1311 2692 titulo
1329 2625 1508 2709 empeionis

391 2737 456 2805 sibi
479 2737 581 2804 fuisse
607 2735 813 2818 desolutum,
840 2744 873 2800 et
898 2736 1036 2802 alteram
1062 2735 1301 2803 dimidietatem
1326 2733 1509 2801 eiusdema

389 2849 484 2932 parte
501 2843 761 2931 septemtrionali
777 2842 974 2912 existentem
993 2847 1209 2931 Kreusunger
1229 2843 1308 2913 ciuis
1334 2843 1375 2910 de
1393 2845 1510 2911 eodem

390 2959 498 3021 castro
514 2955 658 3020 Budensi
674 2971 749 3020 erse
765 2954 951 3038 asserebat,
968 2975 1040 3020 cum
1056 2954 1206 3024 omnibus
1223 2954 1423 3021 vtilitatibus
1440 2952 1507 3017 suis

390 3061 431 3128 de
447 3061 616 3130 voluntate
633 3069 665 3126 et
681 3079 843 3128 consensu
860 3061 938 3129 dicti
954 3059 1188 3148 Kreusunger,
1210 3063 1294 3129 sicut
1312 3060 1397 3128 dixit
1407 3111 1416 3145 ,
1433 3080 1506 3126 con-

389 3167 499 3236 festus
516 3175 566 3236 est
582 3168 772 3237 uendidisse
782 3218 791 3251 ,
801 3170 981 3236 tradidisse
997 3179 1030 3238 et
1047 3171 1241 3252 assignasse
1257 3169 1376 3237 Comiti
1392 3167 1508 3235 Ladiz-

389 3281 444 3346 lao
468 3275 534 3342 filio
560 3275 693 3343 Comitis
719 3276 891 3363 Nycolay,
919 3276 1012 3344 fratri
1037 3277 1239 3346 venerabilis
1265 3278 1371 3362 patris
1389 3275 1510 3344 domini

389 3382 555 3453 Theodori
572 3383 733 3468 Episcopi
747 3384 950 3468 laetiensis,
977 3394 1009 3452 et
1025 3387 1178 3473 Nycolao
1195 3386 1262 3452 filio
1279 3386 1430 3472 Nycolay
1447 3383 1510 3450 ira-

388 3495 447 3562 tris
464 3493 610 3560 eiusdem
627 3491 750 3558 domini
766 3492 943 3580 Episcopi,
970 3512 1029 3577 pro
1054 3495 1171 3578 quibus
1188 3494 1332 3579 Vgrinus
1359 3492 1511 3562 officialis

390 3603 468 3670 dicti
493 3601 616 3668 domini
632 3602 789 3687 Episcopi
805 3601 939 3683 adorat,
965 3622 1025 3686 pro
1053 3604 1168 3669 decem
1196 3601 1315 3672 marcis
1343 3604 1443 3688 plene
1467 3623 1509 3666 re·

390 3710 494 3795 ceptis
511 3717 546 3776 ut
563 3710 585 3775 d
602 3745 644 3754 -
659 3743 703 3756 -
721 3709 965 3792 -perenniter
991 3719 1024 3777 et
1048 3709 1307 3776 irreserabiliter
1335 3709 1509 3792 possiden-

390 3820 483 3902 dam;
517 3818 695 3903 obligando
721 3816 952 3886 nichilominus
978 3839 1016 3886 se
1046 3818 1135 3884 idem
1162 3819 1353 3886 Mochsrech
1379 3825 1414 3886 et
1437 3839 1511 3886 suos

390 3927 531 3995 heredes
542 3975 551 4009 ,
578 3927 621 3993 ab
637 3927 787 3994 omnibus
804 3927 960 3993 Comitem
980 3927 1172 3995 Ladizlanm
1191 3938 1283 3995 et-
1300 3960 1345 3972 —-
1363 3968 1403 3976 -
1426 3935 1512 3994 —et

391 4035 478 4102 filios
493 4033 632 4100 filiorum
658 4054 768 4102 eorum
793 4034 967 4102 occasione
994 4036 1083 4102 dicte
1100 4033 1316 4102 dimidietatis
1334 4036 1433 4102 vinee
1450 4057 1509 4103 mo·

390 4143 515 4210 lestare
540 4141 739 4228 nitentibus,
766 4141 944 4210 defendere
970 4152 1003 4209 ct
1018 4143 1161 4210 liberare
1186 4143 1256 4209 suis
1283 4143 1457 4214 laboribus
1483 4151 1511 4209 et

392 4251 556 4334 expensis.
580 4253 618 4316 In
636 4251 728 4318 ouius
743 4253 791 4318 rei
816 4252 1005 4319 memoriam
1029 4259 1293 4338 perpetuamque
1322 4253 1509 4320 firmitatem

393 4357 439 4423 ad
454 4356 651 4423 instanciam
669 4365 702 4423 et
718 4358 912 4443 peticionem
937 4360 1085 4427 eiusdem
1101 4360 1289 4427 Mechfrecb
1316 4361 1436 4430 comiti
1453 4361 1508 4425 La-

394 4462 501 4532 dizlao
518 4470 550 4531 et
563 4465 711 4548 Nycolao
728 4467 917 4534 memoratis
944 4476 1118 4553 presentes
1145 4469 1370 4538 concessimus
1387 4468 1508 4534 litteras

395 4568 498 4653 sigilli
513 4569 615 4636 nostri
630 4571 805 4637 munimine
823 4574 1005 4641 roboratas.
1030 4575 1152 4642 Datum
1167 4595 1226 4660 per
1243 4595 1362 4642 manus
1378 4574 1505 4641 discreti

395 4676 456 4745 viri
479 4677 629 4762 magistri
653 4679 802 4747 Ladislai
817 4680 963 4750 Lectoris
978 4684 1129 4753 Ecclesia
1146 4689 1256 4752 nostre
1272 4702 1361 4752 anno
1378 4682 1503 4751 Domini
