3188 5238
649 334 691 400 73

115 531 187 598 dam
212 533 396 616 porcionem
423 552 516 599 snam
541 531 835 616 possessionariam
867 532 1069 600 hereditario
1090 535 1165 618 jnre
1190 531 1224 597 in

114 642 201 706 Loeh
215 641 321 726 ipsum
338 639 486 726 exeeptis
501 642 578 726 aliJs
589 642 744 726 proximis
760 646 794 706 et
802 639 995 726 propinquis
1013 641 1080 708 suis
1090 647 1226 727 tangen-

114 756 174 814 tem
192 749 319 835 priuate
336 755 370 815 et
385 750 554 833 absolute,
580 751 612 816 in
629 749 797 817 vieinitate
823 749 972 833 magistri
988 750 1060 816 Abe
1076 748 1134 836 filij
1151 749 1224 817 Abs

114 856 264 925 nobilium
282 858 323 925 de
338 859 454 941 Zouor,
472 865 505 924 et
521 857 674 925 Ciuitatis
691 859 732 926 de
747 855 862 944 Tynna
872 857 1074 944 existentem,
1091 878 1224 944 presen-

114 967 200 1035 tibus
222 980 255 1032 et
279 965 562 1034 consensientibus
587 966 769 1050 prenotatis
793 966 952 1051 proximis
977 971 1010 1034 et
1034 965 1227 1050 oonsangui-

113 1076 182 1142 neis
199 1095 239 1144 aa
255 1073 322 1143 suis
339 1074 480 1142 afinibns
505 1095 565 1160 pro
581 1057 726 1142 remedio
751 1079 784 1140 et
799 1075 969 1160 refrigerio
986 1076 1093 1142 anime
1108 1093 1225 1162 paren·

113 1191 178 1250 tum
194 1205 235 1249 ao
260 1183 480 1270 proximorum
507 1202 658 1268 suornm,
683 1201 723 1250 an
739 1202 798 1250 sue
822 1185 973 1270 proprie,
1000 1203 1060 1250 nee
1084 1204 1151 1253 non
1166 1203 1226 1268 pm

113 1301 224 1361 eterne
240 1294 358 1362 salutis
375 1294 489 1361 branio
505 1291 693 1384 optinendo,
710 1291 861 1362 diseretis
881 1294 959 1362 viris
976 1293 1150 1366 canonicas
1167 1293 1226 1358 Eo-

113 1401 212 1470 olesie
227 1401 404 1469 Nitriensis
419 1403 453 1468 in
466 1408 658 1487 perpetuam
675 1401 888 1468 elemosinam
900 1402 1047 1470 dedisset
1062 1409 1096 1469 et
1111 1401 1227 1469 donas-

113 1519 179 1597 set,
205 1530 277 1578 oum
294 1511 444 1578 omnibns
463 1511 531 1579 suis
557 1510 755 1580 ntilitatibns
780 1518 813 1576 et
829 1511 1042 1599 pertineneijs
1066 1511 1228 1580 vninersis

113 1623 300 1706 tenendam,
317 1619 550 1707 possidendam
567 1619 873 1688 attaminarunt
888 1621 1096 1705 notemporis
1112 1622 1146 1688 in
1156 1640 1228 1708 pno-

113 1750 208 1800 nessu
225 1748 283 1816 per
298 1729 464 1815 quoslibet
480 1728 646 1813 proximos
662 1747 740 1794 suos
757 1726 833 1797 hnio
843 1747 900 1798 sue
910 1726 1085 1804 donaciani
1101 1731 1229 1814 aliqua-

112 1839 153 1908 iis
168 1839 393 1908 eontrsdieoio
402 1889 411 1924 ,
428 1843 486 1905 ant
499 1835 672 1906 reuoeaeio
688 1836 793 1921 possit
808 1837 969 1917 inueniri,
993 1844 1124 1909 nostras
1144 1840 1230 1910 litte·

113 1967 166 2018 ras
184 1945 409 2032 priuilegiales
425 1943 534 2016 eidem
544 1944 697 2032 Capitale
707 1948 828 2014 extnno
844 1965 903 2032 per
919 1945 1050 2016 eosdem
1062 1967 1138 2024 suos
1154 1969 1229 2035 pro·

112 2057 217 2126 ximos
233 2057 364 2126 anobis
389 2055 478 2126 idem
493 2054 636 2126 Miehael
662 2053 737 2124 dari
760 2055 957 2143 postulauit,
984 2077 1067 2141 quas
1083 2079 1144 2128 nos
1158 2060 1230 2129 dari

112 2168 250 2234 feeimns
266 2166 364 2234 modo
380 2166 565 2253 preseripto
590 2164 651 2234 snb
668 2163 779 2248 sigillo
795 2171 906 2234 nostro
925 2167 1083 2251 pendenti
1099 2167 1230 2238 instieia

112 2273 291 2342 mediante.
307 2273 428 2340 Datum
439 2273 541 2342 toreio
558 2273 614 2340 dio
630 2277 706 2356 post
721 2269 839 2340 festum
850 2273 975 2342 Vrbani
991 2275 1082 2361 Pape
1099 2281 1132 2343 et
1147 2297 1229 2344 mar-

113 2382 290 2452 tirisanno
305 2379 438 2452 Domini
453 2382 504 2448 Μ’)
519 2381 588 2450 00⁰
604 2381 817 2465 nonagesimo
841 2382 995 2452 seeundo.

114 2575 250 2650 (Hdrtya.
262 2575 440 2633 Rdnsasainti
455 2579 584 2648 selymen
606 2577 678 2650 fngg
691 2597 709 2634 a
722 2575 823 2650 poestt
844 2578 973 2636 tdreddk.
995 2579 1231 2654 Pozsonylndpta-

202 2669 266 2725 lani
281 2666 417 2744 orszdgos
432 2667 554 2727 levdltdr
568 2667 664 2741 Capsa
676 2669 755 2726 XIII.
770 2669 853 2728 Fase.
868 2673 893 2727 1.
905 2671 973 2729 Nro.
989 2671 1015 2729 4.
1028 2672 1143 2744 Konna)
