3166 5238
363 1169 411 1236 Aa
426 1169 545 1257 crdclyt
560 1169 719 1256 kdptolun
744 1164 1005 1254 biaonysdplecclc
1015 1219 1024 1251 ,
1051 1165 1287 1230 binotccrec't
1310 1188 1348 1228 aa
1364 1163 1486 1250 erdelyi

618 1277 748 1364 phosech,
766 1278 798 1340 cs
811 1273 943 1350 Samson
952 1274 1019 1358 fici*
1030 1273 1111 1339 ledat.
1128 1273 1225 1336 1296.
1580 1267 1581 1318 ἓ

469 1475 660 1562 capitulum
675 1473 825 1544 Ecclesia
841 1471 938 1540 Beati
963 1470 1137 1538 Mlchaelis
1155 1467 1354 1552 Archangeli
1381 1471 1487 1535 'l'rau-
1580 1467 1581 1526 l

361 1582 503 1653 silvanis
519 1583 685 1650 uniuersis
712 1589 745 1651 et
762 1580 900 1666 siugulis
917 1579 1035 1664 quihus
1059 1584 1232 1664 presentes
1258 1577 1487 1659 ostenduntur,

362 1693 503 1761 salutem
529 1693 561 1759 iu
589 1691 729 1758 omnium
756 1690 935 1758 saluatore.
961 1691 1004 1756 Vt
1030 1695 1126 1775 gesta
1151 1688 1337 1769 bominum,
1364 1707 1428 1770 quc
1447 1706 1487 1752 cx

361 1804 447 1870 bono
463 1794 589 1865 meutis'
600 1795 782 1883 proposito,
809 1796 962 1878 bonaque
979 1795 1222 1864 deliberacione
1243 1793 1485 1861 interueniente
1580 1831 1581 1862 2

361 1905 441 1973 liunt
456 1908 489 1974 in
506 1914 675 1992 tempore,
701 1923 762 1973 uec
777 1926 837 1990 per
852 1905 1035 1974 contrarias
1050 1905 1239 1970 uoluntates
1258 1921 1318 1988 per
1334 1907 1486 1988 tempora
1580 1935 1582 1990 l

362 2014 535 2082 elabantur
552 2014 595 2081 ad
611 2018 806 2100 perpetuam
832 2013 878 2079 rei
899 2015 1107 2100 memoriam,
1134 2012 1383 2098 patrocinioque
1409 2031 1486 2078 eou-
1580 2001 1582 2072 t

362 2129 537 2192 sueverunt
553 2122 739 2190 litterarum
767 2119 883 2188 ecdem
901 2121 1102 2190 communiri.
1128 2119 1269 2188 Proinde
1294 2119 1338 2184 ad
1357 2119 1487 2186 uniuer-

363 2251 473 2300 sorum
490 2238 523 2298 et
548 2231 753 2314 singulorum
768 2228 924 2297 noticiam
949 2229 1066 2295 harum
1082 2230 1233 2296 uolumus
1259 2227 1345 2294 serie
1369 2245 1487 2312 perve-

362 2339 433 2408 nire
448 2339 651 2415 litterarum,
676 2338 765 2423 quod
790 2337 991 2405 venerabilis
1018 2345 1114 2422 pater
1129 2340 1165 2404 P.
1190 2335 1254 2404 Dei
1280 2331 1395 2420 gracia
1410 2334 1488 2418 Epi·

365 2466 486 2532 scopus
505 2448 763 2533 lhansilrauus,
789 2449 938 2514 Prclatus
954 2454 1089 2531 noster,
1113 2454 1209 2535 prout
1225 2444 1410 2513 Ecclesiam
1426 2446 1488 2512 Be·

364 2557 410 2625 ati
426 2557 598 2626 Michaelis
615 2562 686 2648 ipso
702 2559 843 2626 feliciter
859 2560 1066 2641 gubernante
1082 2577 1213 2643 semper
1224 2555 1414 2642 prefatorus
1431 2573 1487 2618 ex·

364 2665 448 2749 titit,
472 2665 521 2732 ita
536 2673 569 2733 et
585 2667 618 2733 in
635 2668 852 2751 subsequenti
876 2665 1073 2734 concambio
1101 2667 1189 2732 inter
1208 2684 1281 2731 eum
1307 2670 1341 2730 st
1355 2665 1487 2730 Petrum

364 2773 532 2859 (tomitem,
549 2775 742 2861 magistrum
760 2776 912 2859 Saulum,
930 2783 963 2842 et
977 2775 1165 2862 Nycolaum
1190 2773 1289 2840 lilium
1305 2771 1409 2860 ipsius
1426 2771 1488 2838 Go-

368 2882 457 2950 mitis
473 2883 573 2969 Petri,
590 2882 648 2948 tilii
664 2883 857 2967 Sampscnis
875 2883 1054 2967 celebrato,
1070 2883 1230 2968 premisso
1248 2882 1418 2948 nobiscum
1436 2881 1487 2946 di·

362 2989 478 3076 ligeriti
488 2995 638 3074 tractatu,
656 2997 691 3057 et
707 2997 818 3058 nostro
835 2989 877 3057 ad
893 2989 956 3058 hoc
966 3009 1127 3058 consensu
1137 2991 1332 3071 accedente,
1349 2990 1488 3056 meliora

363 3097 571 3182 prospiciens
581 3148 590 3184 ‚
615 3100 716 3164 talem
734 3097 954 3184 possessionis
971 3099 1261 3182 permutacicuem
1273 3097 1489 3182 solempniter

364 3205 554 3298 celebrauit,
565 3211 601 3270 ut
618 3204 698 3271 data
708 3210 796 3275 term
805 3203 1051 3290 Kuucedvyuar
1063 3213 1191 3284 vocata,
1199 3207 1298 3291 juxta
1306 3204 1488 3290 Morisium,

364 3312 420 3384 uhi
437 3321 512 3382 sunt
527 3311 589 3378 site
606 3314 669 3380 duc
686 3312 773 3396 villo,
791 3313 1010 3400 unaWywar,
1028 3315 1174 3383 secunda
1194 3334 1272 3382 vero
1288 3314 1416 3402 Eoludij
1434 3338 1490 3383 uo·

363 3421 499 3507 minata,
517 3425 551 3488 ct
566 3420 629 3488 due
645 3421 795 3492 Ecclesia
810 3421 954 3508 lapidee,
971 3443 1036 3491 una
1055 3422 1210 3492 videlicet
1224 3423 1375 3492 Ecclesia
1391 3423 1489 3489 Beati

363 3528 544 3611 Michaelis,
561 3536 595 3596 et
611 3533 716 3598 altera
732 3531 843 3598 Sancti
861 3532 995 3618 Georgij
1013 3535 1177 3620 martyris,
1203 3555 1224 3600 a
1243 3533 1401 3618 predictis
1417 3533 1487 3598 Pc—

362 3643 412 3703 trc
429 3637 574 3722 comite,
599 3641 758 3724 magistro
774 3642 892 3724 Saule,
919 3639 957 3704 et'
977 3641 1126 3727 Nycolao
1151 3638 1218 3706 filio
1236 3639 1372 3709 Comitis
1398 3642 1489 3708 Petri

364 3765 437 3811 cum
453 3748 605 3814 omnibus
621 3747 818 3816 utilitatibus
835 3756 868 3816 et
884 3749 1118 3832 pertinenciis,
1135 3753 1229 3836 prout
1245 3748 1345 3818 iidem
1365 3769 1406 3815 ex
1421 3748 1489 3818 col·

365 3855 497 3922 lacione
522 3855 621 3942 Regis
638 3857 798 3948 Stephani
822 3857 935 3924 inclite
961 3859 1137 3941 memorie,
1162 3861 1205 3926 ab
1221 3858 1358 3940 antique
1374 3877 1488 3942 posse

364 3962 455 4030 disse
471 3963 730 4051 dignoscuntur,
746 3964 833 4034 idem
848 3965 1050 4036 venerabilis
1066 3973 1161 4050 pater
1180 3965 1357 4048 quamdam
1373 3967 1487 4032 villam

363 4069 606 4157 Episcopalem,
624 4074 717 4160 sitam
734 4075 825 4140 iuxta
842 4071 1010 4160 Aranyas,
1027 4073 1154 4142 Foikod
1171 4081 1336 4158 uocatam,
1353 4073 1408 4141 ubi
1424 4074 1486 4142 Ec·

241 4171 249 4178 “
365 4176 466 4245 clesio
481 4179 594 4245 Sancti
609 4179 710 4264 Regis
727 4178 888 4266 Stephani
905 4188 1093 4251 constructa
1108 4183 1269 4265 hahetur,
1286 4199 1326 4247 co
1339 4182 1415 4267 jure
1430 4201 1485 4248 ea-

364 4303 427 4367 que
442 4286 653 4372 plenitudine,
669 4306 735 4373 qua
751 4288 839 4355 idem
856 4287 1005 4358 domiuus
1022 4292 1217 4378 Episcopus,
1243 4295 1276 4358 et
1292 4289 1344 4358 sui
1367 4289 1485 4374 prede·

363 4412 523 4475 cessores,
540 4397 573 4462 iu
590 4395 826 4480 temporalibus
843 4397 1037 4482 possedisse
1057 4399 1319 4484 dignoscuntur,
1336 4397 1486 4464 similiter

364 4521 439 4571 cum
453 4504 602 4571 omnibus
617 4505 813 4574 utilitatibus
830 4514 864 4574 et
878 4510 1093 4597 pertinenciis
1110 4509 1239 4594 suis,‘in
1257 4507 1484 4578 concambium

364 4611 465 4695 dedit,
482 4618 516 4678 et
530 4612 591 4679 sub
607 4615 701 4680 titulo
725 4617 979 4698 permutacionis
995 4616 1075 4686 viris
1092 4619 1277 4702 assignavit
1304 4616 1483 4687 antedictis
