3262 5242
673 410 694 476 3

124 605 253 673 ritaret
269 605 419 674 contriuit
434 605 627 675 immensam
644 605 852 675 barbaricam
867 601 1051 688 feritatem,
1079 603 1187 690 captis
1203 621 1244 670 ex

123 715 251 781 eisdem
285 714 432 800 plurimis
455 722 487 780 et
511 715 647 790 occisis,
679 715 816 796 reliquis
849 713 998 782 omnibns
1021 715 1115 784 extra
1138 709 1244 794 Regni

123 821 269 905 confinia
292 823 368 907 fuge
393 821 535 906 presidio
561 841 597 888 se
629 821 893 890 reinfferentibus
904 869 913 904 ,
947 821 1029 887 sicut
1053 818 1243 905 temporalis

123 929 358 1016 opportunitas
374 933 578 1015 suppetebat.
595 931 733 1018 Insuper
749 950 820 996 cum
836 927 960 1016 perfida
976 945 1056 1011 gens
1072 925 1246 992 Tartarica

105 1037 278 1123 ‚Regnum
311 1039 480 1124 Hungaric
515 1060 587 1106 cum
621 1040 710 1105 omni
743 1037 864 1103 milicia
896 1039 1037 1122 ipsorum
1070 1033 1245 1117 introisset,

123 1151 253 1230 vastus,
277 1146 441 1230 incendia,
466 1146 727 1231 depredationes
751 1144 914 1230 orribiles‚
938 1147 1024 1213 sicut
1038 1145 1136 1212 moris
1160 1143 1244 1230 ipso·

123 1274 200 1319 rum
224 1263 282 1337 est,
304 1253 542 1332 committendo,
567 1253 653 1322 idam
671 1253 835 1320 Omodeus
859 1252 1026 1319 Palatinus
1044 1257 1158 1320 contra
1174 1270 1244 1318 eos-

124 1363 205 1428 dem
220 1363 378 1431 Tartaros
395 1363 605 1447 insurgendo,
630 1365 749 1430 multos
774 1382 814 1428 ex
830 1362 911 1449 ipsis
935 1382 991 1428 ore
1007 1361 1112 1447 gladii
1128 1361 1245 1428 intere·

123 1472 196 1553 mit,
221 1480 253 1539 et
276 1475 485 1556 quamplures
509 1473 656 1558 captivos
681 1471 851 1549 liberavit,
878 1491 917 1540 ac
941 1470 974 1534 in
999 1471 1127 1554 signum
1149 1470 1246 1536 victo-

124 1579 176 1645 rie
201 1582 312 1646 decom
329 1581 439 1666 capita
455 1583 644 1666 Principum
659 1580 699 1644 de
723 1581 799 1665 ipsa
815 1587 911 1666 gente
928 1578 1056 1663 perfida
1079 1577 1144 1663 ipsi
1163 1577 1245 1663 Regi

125 1688 285 1755 Ladislao
309 1690 520 1772 presentavit.
545 1689 649 1757 Nobis
665 1689 768 1754 eciam
785 1697 860 1776 post
876 1688 997 1756 obitum
1023 1687 1169 1754 eiusdem
1185 1688 1246 1752 La-

127 1797 232 1864 dislai
255 1799 356 1884 Regis
380 1799 511 1886 Inclyti,
536 1800 692 1885 patruelis
716 1799 827 1866 fratris
850 1798 971 1882 nostri,
998 1793 1246 1864 succedentibus

126 1907 275 1972 eviterno
296 1908 371 1991 jure
388 1907 556 1974 etordinc
580 1909 750 1996 geniture,
775 1907 863 1974 idem
888 1905 1051 1972 Omodeus
1076 1903 1246 1971 Palatinus

126 2033 201 2078 cum
216 2021 288 2081 tota
306 2015 464 2082 societate
489 2037 529 2082 ac
545 2017 745 2100 cognacione
761 2037 822 2085 sua
837 2023 927 2083 tante
951 2013 1120 2081 fidelitatis
1139 2009 1246 2094 auspi·

126 2122 189 2188 ciis
213 2125 338 2191 studuit
354 2125 525 2207 adherere,
551 2145 613 2208 que
637 2126 804 2210 explicare
820 2144 878 2209 per
903 2123 1033 2208 singula
1048 2122 1179 2203 longum
1195 2137 1246 2184 es·

126 2240 239 2299 set-
260 2267 295 2278 -
321 2235 426 2304 eciam
449 2255 561 2301 omnes
587 2256 663 2302 suas
688 2235 915 2319 possessiones
939 2239 1007 2298 tarn
1030 2227 1247 2296 hereditarias

127 2359 229 2422 quam
253 2342 420 2424 aquisitas,
446 2363 598 2411 unacum
614 2343 849 2412 municionibus
866 2351 899 2409 et
916 2341 1032 2408 castris
1056 2340 1177 2404 nostris
1194 2334 1248 2400 du-

127 2449 216 2514 xerit
239 2448 390 2516 manibus
413 2452 592 2520 liberaliter
614 2452 798 2518 offerendas
823 2459 936 2520 nostre
961 2446 1174 2516 Celsitndinis
1197 2464 1247 2510 ar·

127 2557 228 2623 bitrio
253 2557 491 2644 disponendae,
515 2560 549 2624 in
574 2562 677 2645 ipsius
701 2559 913 2628 etheredum
939 2577 1070 2626 suorum
1086 2553 1247 2654 personis,

128 2685 191 2748 pro
207 2665 390 2749 insignibus
407 2668 475 2734 suis
486 2667 614 2736 actibus
631 2670 862 2754 gratificandas
875 2667 918 2733 ad
934 2669 1077 2753 plenum,
1093 2666 1148 2731 vel
1163 2663 1248 2728 alias

128 2773 253 2840 nostris
277 2773 550 2857 disposicionibus
574 2779 805 2861 reservandas,
830 2785 921 2845 tanto
938 2773 1104 2842 fidelitatis
1131 2769 1248 2838 ardore

128 2881 301 2949 nobiscum
326 2881 410 2947 inter
432 2884 507 2971 ipsa
529 2885 685 2952 novitatis
710 2887 810 2954 inicia
834 2883 1062 2969 procedendo,
1091 2885 1125 2946 ut
1146 2879 1250 2946 multa

131 2996 256 3074 castra,
280 2992 461 3074 multasque
484 2993 698 3078 municiones,
723 3015 785 3076 que
808 2993 958 3060 maximis
983 2993 1135 3077 poterant
1155 2987 1247 3054 labo-

129 3100 224 3165 ribus
249 3107 281 3165 ct
304 3101 474 3169 sudoribus
499 3104 648 3186 optineri,
673 3125 732 3170 sua
749 3104 882 3170 cautela
906 3111 939 3168 et
962 3099 1121 3165 industria
1143 3093 1248 3161 defa-

130 3207 189 3271 cili
213 3215 323 3274 nostre
347 3217 421 3276 sunt
443 3211 574 3277 reddita
597 3213 728 3280 dicioni.
752 3213 855 3296 Igitur
879 3219 912 3278 et
935 3209 1035 3276 tantis
1060 3207 1130 3272 eins
1152 3206 1249 3271 virtu-

130 3316 221 3383 tibus
244 3303 413 3384 recensitis
434 3317 473 3383 de
499 3321 635 3386 consilio
653 3321 888 3389 venerabilium
911 3327 1040 3406 patrum
1062 3311 1246 3396 Lodomerij

131 3425 198 3489 Dei
222 3425 336 3508 gracia
359 3426 606 3514 Strigoniensis,
631 3431 792 3496 lobannis
809 3428 998 3495 Goloccnsis
1023 3425 1250 3511 Archiepiseo·

131 3553 259 3620 porum,
284 3535 415 3604 Andrce
448 3539 638 3623 Agrianas,
672 3542 778 3606 Pasce
801 3537 977 3607 Nitriensis
1001 3537 1249 3621 Episcoporum,

131 3661 263 3709 necnon
286 3642 421 3711 aliorum
447 3647 622 3713 Procerum
647 3655 679 3716 et
701 3649 884 3731 Baronum,
918 3665 958 3712 ac
982 3643 1248 3713 Consiliariorum

131 3751 243 3836 Regni
264 3753 366 3818 nostri
397 3754 568 3822 uniuersas
591 3757 817 3840 possessiones
842 3765 987 3842 tempore
1010 3752 1158 3821 eiusdem
1189 3750 1249 3814 Re·

131 3862 187 3947 gis
212 3857 359 3926 Ladislai
375 3867 442 3926 tam
466 3862 650 3945 insignibus
666 3863 782 3949 prelijs
805 3862 994 3947 acquisitas,
1013 3859 1164 3928 videlicet
1179 3871 1249 3938 pos·

132 3970 314 4036 sessionem
337 3989 396 4038 seu
420 3971 614 4039 Comitatum
638 3975 711 4060 Vng
733 3973 907 4042 vocitatum
933 3980 1004 4057 etc,
1028 3967 1131 4037 eidem
1155 3963 1250 4030 Omo-

134 4079 200 4144 deo
224 4077 377 4144 Palatino
401 4089 434 4148 et
456 4100 514 4164 per
538 4101 609 4149 eum
634 4082 702 4148 suis
725 4081 898 4153 heredibus
914 4117 957 4130 -
973 4115 1017 4128 -
1039 4076 1188 4142 duximus
1205 4107 1249 4120 -

133 4221 181 4232 -
197 4224 240 4234 -
257 4184 495 4254 confirmandas
512 4225 556 4238 -·-
572 4225 615 4237 -
630 4227 684 4254 -.
700 4189 739 4257 In
756 4192 846 4257 cuius
870 4191 923 4256 rei·
942 4187 1131 4256 memoriam
1146 4223 1189 4234 —-
1206 4217 1248 4230 ·-

134 4331 181 4344 -
197 4301 370 4382 presentes
387 4296 605 4366 concessimus
629 4298 754 4366 litteras
774 4297 912 4382 duplicis
937 4297 1036 4381 sigilli
1058 4297 1160 4364 nostri
1184 4312 1249 4358 mu·

135 4405 260 4472 nimine
284 4407 473 4492 roboratas;
506 4405 625 4492 sigillis
656 4405 883 4473 nichilominus
916 4405 1089 4473 eorundem
1121 4411 1250 4489 patrum

135 4513 375 4582 venerabilium
398 4513 441 4580 ad
464 4515 644 4582 uberiorem
667 4516 715 4582 rei
738 4515 898 4581 cautelam
922 4515 1128 4601 presentibus
1153 4513 1249 4578 inter-

136 4622 253 4711 positis
270 4629 304 4689 ct
326 4623 497 4708 adjunctis.
515 4624 634 4691 Datum
657 4645 714 4710 per
730 4643 844 4693 manus
864 4623 995 4690 discreti
1017 4623 1079 4688 viri
1101 4619 1250 4706 magistri

139 4733 305 4802 Theodori
338 4733 497 4818 Prepositi
530 4734 682 4801 Albensis
715 4734 880 4816 Ecclesie,
916 4737 988 4803 aule
1013 4740 1125 4800 nostre
1157 4737 1272 4802 Viae-⁷

1044 4843 1081 4906 1*
