3188 5238
857 315 1013 414 ,EQ

377 517 520 598 gentum,
531 517 685 594 quantum
702 529 759 595 per
774 509 949 578 Dominum
966 507 1093 578 Duoeru
1103 507 1294 592 requisitum
1304 506 1407 573 fuerit
1423 523 1493 574 esse

378 619 531 688 domuum
555 616 738 703 predictum
763 618 848 686 iufra
873 627 947 687 oeto
963 617 1034 684 dies
1050 627 1127 706 post
1142 636 1286 684 mensem
1311 615 1494 700 prodieturu

378 728 412 797 iu
427 730 563 797 loreiour
578 729 717 797 Comitis
735 727 841 810 ludos,
858 729 914 813 qui
932 728 994 796 erit
1010 735 1241 815 protempore‚
1267 728 1355 812 quod
1370 726 1494 794 tamdiu

378 857 479 922 penes
497 838 616 906 dietum
626 837 783 905 Comitem
794 836 891 902 Iadre
907 843 996 906 stete
1013 836 1143 915 debeat,
1159 835 1314 919 quamdiu
1331 834 1409 922 ipsa
1424 855 1495 920 sey-

378 953 443 1024 tes,
453 947 507 1012 vel
517 946 648 1030 liguum,
665 949 721 1012 eut
735 945 837 1029 ligus,
855 963 918 1026 que
934 946 1087 1012 damnum
1103 945 1242 1029 dederit,
1260 945 1294 1010 in
1312 943 1495 1028 Almisium,

379 1052 434 1119 vel
460 1054 504 1118 ed
527 1054 601 1120 loeo
627 1051 778 1140 prediota
803 1051 944 1136 redibit,
971 1052 1024 1118 vel
1039 1053 1187 1120 homiues
1203 1053 1325 1137 ipsius;
1344 1069 1411 1134 que
1428 1071 1495 1116 eum

260 1167 262 1174 ’
379 1159 530 1246 redierit,
556 1168 657 1226 totum
675 1160 756 1228 illud
771 1159 925 1227 damnum
942 1161 1116 1228 emendare
1134 1179 1169 1225 se
1186 1161 1355 1244 obligavit,
1378 1167 1412 1224 et
1427 1179 1496 1243 pro·
1582 1215 1583 1258 ἒ

378 1269 476 1354 misit,
494 1275 527 1334 et
544 1269 717 1336 satisfueto
743 1266 884 1352 dampno
911 1267 1061 1353 prediolo
1082 1265 1189 1332 dietus
1206 1266 1322 1332 Comes
1341 1264 1440 1331 Iedre
1456 1275 1497 1330 te·
1581 1261 1583 1348 l

265 1365 266 1368 '
379 1382 493 1446 uester
509 1377 681 1444 restituere
698 1381 862 1442 autumet
888 1383 1056 1457 argentum
1080 1374 1258 1459 prediorum
1276 1374 1363 1442 diet-o
1381 1372 1499 1442 Gomiti

381 1485 535 1570 Georgio.
553 1485 595 1550 Et
620 1483 649 1550 si
664 1484 749 1550 rorte
765 1485 841 1569 ipse
865 1489 992 1568 stylos,
1009 1485 1062 1549 vel
1087 1483 1231 1565 lignum,
1256 1491 1313 1551 aut
1328 1483 1433 1566 ligna,
1450 1485 1500 1550 rel

379 1611 461 1679 gens
477 1613 547 1678 suo,
558 1597 693 1678 propter
703 1610 856 1678 maguum
873 1595 1006 1674 luorum,
1024 1591 1112 1672 quod
1128 1590 1254 1657 fuceret
1269 1598 1386 1658 eontra
1404 1599 1500 1676 paule

380 1701 547 1787 prediola,
574 1703 626 1767 vel
651 1700 719 1767 elie
736 1700 777 1767 de
795 1681 895 1768 eurise
912 1719 978 1767 non
991 1698 1112 1764 rediret
1128 1699 1162 1763 iu
1179 1697 1353 1766 Almisiom
1363 1749 1371 1782 ,
1390 1701 1447 1766 vel
1462 1701 1501 1764 sd

380 1813 451 1876 loeo
461 1806 618 1894 prodiere,
630 1809 715 1874 sieut
731 1805 853 1872 dietum
870 1811 921 1871 est
937 1823 1047 1890 supra,
1065 1805 1113 1870 ita
1124 1804 1213 1886 quod
1229 1810 1333 1872 staret
1350 1825 1413 1889 per
1423 1807 1501 1872 duos

379 1936 509 1984 menses
536 1923 630 1982 extre
641 1962 650 1997 ,
677 1918 762 1984 idtra
778 1915 917 1998 primum
936 1932 1082 1980 mensem
1103 1911 1286 1997 predictum
1302 1918 1407 1980 totum
1423 1915 1503 1982 illud

382 2027 568 2110 dampnum,
587 2024 673 2105 quod
699 2024 810 2090 datum
828 2023 935 2105 fuerit,
954 2029 985 2088 et
999 2041 1059 2106 per
1075 2020 1238 2086 domiuum
1254 2021 1380 2088 Dueem
1399 2025 1500 2106 requi-

379 2135 486 2209 situm,
503 2131 589 2197 inire
605 2131 687 2196 duos
705 2149 834 2198 menses
851 2128 1016 2214 predictos
1033 2129 1164 2215 integre
1191 2129 1351 2196 resarcire
1368 2149 1407 2196 se
1425 2132 1501 2199 obli-

379 2244 471 2325 gavit
495 2247 527 2307 et
542 2242 702 2326 promisit.
721 2239 802 2306 Item
828 2239 943 2304 eodem
970 2238 1066 2304 modo
1083 2239 1235 2323 promisit
1261 2240 1369 2308 dietus
1388 2239 1500 2308 (lomes

380 2348 540 2433 Georgius
557 2348 598 2414 de
613 2348 756 2432 dompno
773 2348 851 2414 delo
868 2349 1002 2414 'larette
1019 2345 1060 2410 de
1072 2347 1260 2415 Gufrudello
1277 2354 1310 2413 et
1326 2349 1419 2432 genti
1437 2371 1500 2435 sue,

379 2464 412 2523 et
428 2457 580 2541 Philippo
597 2456 733 2540 Georgio
756 2465 941 2538 cumgente
958 2456 1209 2538 deberemus,
1226 2456 1306 2521 dere
1325 2465 1358 2523 et
1374 2461 1501 2525 soluere

379 2567 481 2634 libras
498 2573 636 2649 quatuor
654 2567 742 2632 mille
768 2565 979 2632 denariorum
995 2563 1193 2633 Venetorum
1210 2585 1398 2650 parvorum,
1416 2567 1497 2632 vide-

379 2673 457 2740 lieet
481 2674 583 2741 libras
608 2675 696 2740 mille
721 2674 809 2740 infra
834 2671 904 2739 dies
920 2674 982 2740 XV
1008 2673 1157 2758 proxime
1183 2679 1352 2760 venturos,
1371 2682 1406 2740 et
1425 2674 1497 2740 reei-

378 2783 478 2849 duum
493 2779 580 2848 infra
597 2779 679 2846 duos
695 2801 800 2848 annos
817 2781 966 2868 proxime
985 2799 1070 2847 nune
1087 2787 1259 2866 venturosr
1280 2783 1414 2848 seilieet
1430 2801 1501 2864 quo·

377 2891 459 2958 libet
485 2909 570 2956 anno
597 2889 699 2955 libras
726 2889 815 2955 mille
840 2892 1038 2972 quingentas
1064 2887 1272 2955 denariorum
1304 2892 1498 2958 Venetorum

377 3018 573 3084 parvorum,
591 3016 694 3079 usque
719 2996 761 3062 ad
788 2997 1056 3064 satisfaeeienem
1080 2999 1244 3081 integrum
1269 2999 1359 3063 diete
1375 3019 1498 3064 summe

378 3105 583 3190 quantitatis.
612 3107 652 3169 st
668 3106 697 3169 si
713 3103 897 3187 eooideret‚
924 3103 1010 3187 quod
1036 3102 1127 3170 diote
1147 3113 1236 3172 terre
1254 3105 1385 3172 Almisii
1403 3109 1501 3172 exiret

381 3213 590 3283 demonibus
617 3221 650 3279 et
666 3213 771 3280 foreis
797 3212 878 3280 dieti
894 3213 1031 3280 Comitis
1048 3215 1186 3301 Georgii
1206 3215 1259 3281 vel
1277 3214 1417 3280 fratrum
1435 3231 1501 3280 suo-

381 3343 462 3404 rum,
479 3324 531 3388 vel
542 3321 796 3408 propinquorum
807 3339 948 3402 suorum,
959 3341 1017 3388 eeu
1033 3321 1142 3406 gentis
1159 3341 1219 3387 sue
1229 3320 1316 3386 infre
1332 3323 1503 3388 terminum

383 3432 654 3515 suprascriptum,
672 3429 758 3511 quod
774 3449 839 3495 uon
854 3435 1006 3496 teneatur
1023 3430 1063 3496 de
1079 3435 1199 3512 treuga
1223 3429 1385 3515 prediola.
1405 3430 1501 3496 Salvo

383 3546 511 3615 tamen,
538 3536 625 3619 quod
649 3539 678 3604 si
693 3537 824 3620 aliquod
848 3537 974 3623 lignum
998 3539 1051 3605 vel
1077 3545 1196 3625 saytea
1222 3539 1384 3606 exivisset
1412 3547 1500 3606 extra

382 3645 564 3728 Almisium,
575 3645 629 3710 vel
642 3647 738 3712 terris
754 3645 832 3725 suis,
848 3647 902 3712 vel
917 3647 1030 3729 aliqua
1046 3665 1168 3728 earum,
1186 3653 1367 3730 antequem
1384 3656 1501 3714 terram

381 3749 602 3836 perdidisset,
630 3759 663 3817 et
688 3751 809 3816 dietum
836 3751 960 3836 lignum
986 3753 1040 3818 vel
1057 3760 1176 3838 sayteu
1200 3752 1327 3822 sederet
1352 3755 1503 3824 damnum

383 3859 536 3944 aliquod,
562 3865 712 3926 teneatur
735 3858 928 3926 satisfeoere
945 3861 1067 3926 dierum
1093 3862 1277 3946 dampnum
1301 3865 1335 3928 iu
1361 3864 1502 3932 terminis

385 3967 620 4051 suprascriptis
646 3973 713 4032 tem
738 3969 766 4032 si
782 3967 902 4050 liguum
927 3969 1051 4037 rediret
1065 3972 1110 4037 ud
1135 3973 1209 4038 looa
1225 3973 1390 4060 predicte,
1411 3992 1502 4057 quem

383 4095 462 4158 nou,
487 4079 520 4142 et
547 4073 717 4142 satisfacto
735 4076 878 4158 dampno
904 4095 968 4143 uon
984 4085 1147 4145 teneatur.
1172 4081 1313 4164 Insuper
1339 4082 1502 4165 prodietus

386 4181 535 4248 dominus
561 4181 723 4267 Georgius
740 4181 855 4252 (lomes
880 4203 938 4268 per
955 4205 991 4253 se
1008 4194 1041 4251 et
1056 4205 1135 4254 suos
1160 4187 1311 4253 homines
1327 4197 1363 4255 et
1378 4192 1503 4260 nomine

384 4289 547 4356 homiuum
565 4295 599 4355 et
624 4290 810 4358 Communis
836 4293 975 4378 Almisii‚
992 4301 1028 4358 ut
1046 4296 1229 4381 predictum
1245 4304 1306 4377 est,
1320 4298 1502 4383 juravisse

386 4397 506 4477 Serota
532 4399 595 4463 Dei
621 4399 804 4482 Evangelia
830 4404 1046 4487 corporaliter
1070 4411 1158 4472 teuto
1184 4407 1271 4473 libro
1299 4408 1334 4473 iu
1361 4411 1500 4478 animam

387 4523 480 4570 suam
498 4513 529 4572 et
545 4525 676 4574 suorum
692 4506 859 4576 homiuum
868 4562 878 4596 ‚
894 4531 933 4579 ee
948 4512 1115 4580 homiuum
1131 4515 1264 4582 Almisii
1283 4517 1499 4601 predictorum

388 4611 559 4679 attendere
575 4619 608 4676 et
624 4613 800 4694 observare
818 4624 851 4682 et
866 4617 1068 4704 adimplere,
1089 4627 1123 4687 et
1138 4621 1266 4690 attendi
1283 4634 1318 4692 et
1333 4627 1496 4696 observari
