3192 5236
812 345 972 448 Q

328 541 418 606 meta
432 536 546 626 inoipit
562 559 603 609 ex
619 540 723 629 plaga
747 543 946 613 oeeidentali
961 547 997 616 in
1016 565 1080 617 vno
1096 547 1188 634 tyrel
1202 549 1320 636 Kapns
1347 551 1463 619 nomi-

328 651 416 732 nato,
431 646 488 713 rbi
512 647 738 718 oonuioinatur
757 671 831 722 oum
848 655 1063 738 possessione
1078 654 1226 724 eiusdem
1244 655 1369 726 domini
1385 657 1460 724 Ab·

328 754 417 822 batis
434 754 561 842 ligeres
577 765 706 837 voeata,
722 759 756 824 in
772 780 839 844 qno
866 761 997 845 quidem
1013 765 1131 849 Kapus
1147 764 1259 850 Byroh
1275 785 1373 834 rnam
1390 785 1469 832 me-

329 870 397 931 tam
413 868 553 934 terream
569 866 765 950 reperiendo
781 867 883 940 aliam
908 890 1027 938 nouam
1046 879 1170 941 metam
1185 891 1288 958 penes
1314 872 1466 941 eandem

328 969 533 1058 erexissent5
559 973 681 1041 abhino
696 977 909 1064 progreditur
927 997 1043 1049 versos
1058 979 1196 1065 plagam
1211 981 1469 1050 meridionalem

330 1079 562 1151 descendendo
579 1083 625 1152 ad
647 1085 769 1154 vallem
794 1105 960 1174 magnam,
975 1089 1033 1156 vbi
1049 1089 1115 1158 duo
1131 1090 1231 1158 riuuli
1246 1089 1467 1175 Makobijke·

329 1189 456 1275 patalia
472 1189 539 1257 alio
556 1191 690 1262 nomine
706 1193 947 1281 Daroohpatak
963 1201 995 1264 et
1014 1199 1300 1285 Insktelkpataka
1314 1197 1470 1265 inrieem

330 1300 469 1384 eadunt,
494 1299 551 1366 vbi
576 1302 694 1370 eadem
720 1302 888 1388 possessio
913 1303 1116 1390 Bogartellrs
1139 1311 1470 1374 eommetanearetur

329 1426 402 1476 oum
426 1408 693 1492 possessionibus
724 1410 904 1482 lnalrtelke
932 1414 1093 1482 nobilium
1128 1412 1169 1482 de
1194 1413 1384 1492 Wosarhel,
1425 1419 1473 1478 et

299 1581 300 1585 ,
330 1515 432 1586 Maka
448 1516 699 1605 Episoopalem3
715 1519 837 1589 deinde
851 1540 911 1606 per
927 1539 1058 1588 oursnm
1073 1539 1133 1589 sev
1149 1525 1293 1588 meatum
1309 1518 1471 1587 eiusdem

331 1623 427 1692 riuuli
447 1626 649 1696 transeundo
664 1627 710 1696 ad
727 1627 849 1696 bonum
866 1628 1027 1714 spaoinm,
1042 1628 1100 1699 rbi
1114 1628 1202 1698 idem
1227 1628 1351 1696 munins
1365 1627 1475 1696 eadit

331 1729 376 1800 ad
390 1729 525 1802 fluuium
549 1733 673 1815 Nadns,
697 1733 820 1804 abinde
837 1757 897 1822 per
913 1736 1020 1824 ipsam
1046 1733 1180 1806 denium
1204 1735 1320 1802 Nodos
1343 1753 1474 1804 versus

330 1842 465 1928 plagam
489 1841 737 1912 meridionalem
753 1843 918 1913 tendendo
942 1845 987 1914 ad
1011 1863 1164 1929 magnum
1191 1843 1339 1932 spaeinm
1352 1862 1473 1928 nsque

330 1949 514 2034 Makotevr,
539 1950 595 2020 vbi
612 1953 672 2020 snb
697 1953 839 2036 quodam
865 1961 976 2023 monte
993 1971 1112 2038 magno
1129 1971 1236 2040 prope
1262 1957 1387 2038 portum
1400 1951 1473 2040 ip-

330 2057 398 2127 sius
413 2055 504 2160 fluuij
521 2057 646 2146 Nadas,
666 2061 721 2144 qni
736 2061 863 2130 seilieet
889 2060 1057 2131 scinderet
1073 2063 1183 2148 ipsam
1208 2061 1473 2150 possessionem

268 2198 272 2205 ·
330 2165 471 2236 Abbatis
488 2172 522 2236 et
547 2168 793 2253 possessionem
818 2173 920 2240 Mako
935 2169 1146 2256 antedictam,
1171 2169 1253 2238 duas
1270 2175 1372 2238 metas
1387 2175 1474 2236 ter·

331 2295 407 2346 reas
416 2325 426 2362 ,
452 2296 590 2360 quarum
605 2297 671 2346 vna
687 2298 708 2346 a
724 2283 830 2372 parte¹
845 2279 982 2350 orientis
997 2279 1205 2366 possessioni
1229 2277 1318 2364 'Pyre
1342 2281 1474 2344 voeate

331 2383 524 2472 Episcopali
540 2393 736 2469 separantes
753 2385 957 2471 erexissent3
974 2385 1095 2456 deinde
1113 2403 1229 2455 versus
1245 2385 1377 2470 plagam
1391 2381 1474 2448 ori·

330 2491 473 2558 entalem
489 2489 726 2576 progrediendo
746 2491 869 2564 dirento
889 2491 1022 2562 seandit
1038 2491 1082 2562 ad
1098 2493 1204 2578 ipsum
1229 2496 1368 2558 montem
1383 2509 1473 2558 ma·

331 2618 441 2684 gnum,
457 2598 518 2666 snb
535 2617 599 2684 quo
615 2597 704 2667 diote
721 2598 784 2668 dne
799 2609 884 2668 mete
900 2605 1013 2670 essent
1029 2607 1148 2684 ereote,
1164 2599 1198 2666 in
1214 2597 1306 2667 onius
1330 2597 1477 2666 summi·

330 2711 401 2773 tate
418 2705 452 2772 in
467 2727 533 2776 vno
557 2706 650 2794 hyr-et
666 2707 750 2778 duas
775 2715 881 2778 metas
906 2714 1036 2778 terreas
1051 2727 1189 2795 quarum
1204 2727 1271 2776 vna
1295 2725 1336 2773 ex
1359 2705 1475 2792 plaga

332 2813 532 2884 oooidontali
557 2815 623 2884 ianr
640 2817 728 2884 dioto
744 2816 949 2902 possessioni
972 2817 1177 2904 Bogartelke
1191 2815 1296 2902 ipsius
1312 2813 1469 2883 Abbatis

332 2936 366 2990 et
380 2924 451 2994 alia
468 2943 489 2990 a
504 2926 606 3010 plaga
622 2925 776 2996 orientali
792 2924 923 3011 prefata
946 2925 1155 3014 possessioni
1171 2921 1354 3011 episcopali
1370 2922 1475 3010 Tyro

333 3039 528 3118 separantes
545 3033 746 3116 erexissent3
773 3033 895 3101 alrhine
921 3053 980 3121 per
996 3032 1137 3104 eandem
1162 3033 1299 3120 plagam
1324 3029 1474 3100 deseen-

332 3140 441 3211 dondo
458 3141 501 3208 de
525 3140 599 3226 ipso
625 3147 735 3210 monte
758 3141 910 3210 saliendo
926 3161 1026 3212 vnam
1041 3142 1132 3214 viam
1147 3159 1304 3224 magnam
1329 3142 1474 3208 euntem

333 3250 375 3318 de
392 3251 465 3335 ipsa
489 3249 702 3336 possessione
728 3248 929 3334 Bogartelke
946 3247 990 3318 ad
1005 3250 1191 3336 predictam
1217 3247 1472 3334 possessionem

334 3357 422 3444 'Pyre
439 3375 536 3442 snper
559 3375 656 3426 vnum
676 3357 850 3425 rotondum
876 3361 1018 3426 montem
1043 3356 1165 3428 Holum
1190 3357 1397 3443 appellatam
1427 3355 1475 3422 si-

334 3463 455 3534 militer
480 3463 563 3534 duas
580 3471 698 3552 metas,
724 3483 857 3551 quarum
882 3484 947 3534 vna
973 3464 1103 3550 prefate
1123 3465 1330 3554 possessioni
1343 3467 1477 3546 Bogar-

332 3573 422 3655 tellr‚
439 3571 508 3640 alia
531 3591 608 3640 vero
624 3573 828 3658 possessioni
844 3574 933 3659 'Pyre
949 3571 1117 3642 antediete
1133 3571 1378 3660 distinguentes
1395 3594 1474 3644 ere·

334 3681 473 3750 sissent.
498 3681 615 3752 Adhue
632 3681 769 3748 vlterins
785 3697 900 3752 versus
921 3679 1057 3767 plagam
1075 3681 1369 3768 septentrionalem
1390 3703 1472 3770 pro-

333 3787 481 3858 sedendo
497 3791 532 3856 in
548 3808 612 3856 vno
629 3787 723 3874 tprot
742 3788 865 3856 silnoso
881 3787 965 3856 duas
982 3796 1087 3856 metas
1103 3795 1231 3858 terreas
1251 3789 1294 3856 de
1312 3808 1400 3856 nouo
1413 3811 1470 3858 eu-

332 3898 516 3968 mulassent
539 3901 735 3984 separantes
752 3897 836 3962 inter
848 3894 1081 3984 possessiones
1107 3899 1321 3981 prenotatam
1338 3895 1467 3964 abhino

332 4008 367 4076 in
384 4007 501 4074 eodem
530 4005 625 4092 byrele
651 4004 777 4074 siluoso
802 4024 917 4074 versus
941 4005 1077 4091 plagam
1101 4003 1267 4090 aquilonis
1293 4007 1471 4091 pregredi-

333 4113 418 4182 endo
439 4114 546 4201 iungit
569 4133 669 4182 vnam
696 4118 816 4182 metam
840 4122 983 4182 terream
1009 4131 1165 4198 magnam
1190 4113 1400 4199 perforatam
1426 4115 1469 4182 de

331 4244 419 4294 nouo
435 4224 605 4308 effossam
622 4221 733 4290 adhue
743 4241 802 4307 per
812 4221 948 4290 eandem
959 4220 1096 4310 plagam
1112 4221 1322 4290 transeundo
1334 4222 1372 4290 in
1389 4241 1469 4309 qno·-

336 4333 413 4398 dam
427 4332 520 4416 tyrel
531 4330 653 4398 siluoso
669 4331 756 4398 eirea
766 4329 930 4416 quandam
941 4331 1029 4396 viam
1046 4329 1178 4397 venitur
1193 4329 1239 4396 ad
1255 4329 1342 4396 duas
1359 4335 1469 4398 metas

334 4438 497 4520 antiquas,
514 4456 653 4524 quarum
671 4456 737 4505 vna
760 4436 1031 4522 possessionibus
1047 4435 1153 4520 ipsius
1164 4435 1321 4520 abbatis,
1338 4437 1470 4521 legeres

335 4551 370 4608 et
386 4544 552 4610 Hontelke
561 4544 765 4630 nuncupatis,
783 4543 852 4610 alia
860 4563 938 4612 vero
950 4544 1156 4630 possessioni
1166 4543 1365 4630 Episcopali
1375 4545 1471 4632 Tyro

333 4657 531 4741 separantes
546 4653 766 4742 reperissent,
783 4670 885 4739 penes
910 4671 993 4740 quas
1008 4651 1149 4738 teroiam
1173 4660 1299 4722 metam
1314 4673 1376 4740 pro
1393 4671 1470 4740 pre-
