3166 5238
618 341 776 450 „²2⁷-

130 558 335 640 prenotatcs,
351 555 445 636 prout
461 548 549 615 idem
578 551 696 620 (lomes
723 556 887 623 Lcurcnte
904 559 937 620 et
963 557 1101 638 quatuor
1125 550 1260 620 Judiees

132 661 177 728 ab
194 660 358 746 omuibus,
377 656 533 740 aquibus
557 657 650 727 licuit
664 667 697 728 et
721 659 840 742 decuit,
857 659 939 726 scire
955 660 1115 744 potuisset
1137 657 1257 725 uerita-

129 777 197 836 tem
213 769 247 834 in
263 765 442 852 premissis.
468 764 522 832 Ad
539 765 599 832 hec
616 767 722 836 eciam
745 769 873 837 litteras
890 766 1034 853 Capituli
1058 765 1258 852 Wazprimy-

130 878 221 944 ensis
237 873 472 959 inquisitorias,
490 891 554 958 que
582 875 692 943 omnia
707 879 869 964 premissa
886 875 1010 943 eisdem
1022 872 1258 961 jobagicnibus

130 985 262 1054 domina
279 985 406 1070 Regina
431 1001 489 1068 per
503 984 597 1068 ipsos
615 986 741 1051 nobiles
758 985 860 1054 fuisse
876 985 1024 1070 irrogata
1040 981 1257 1050 affirmabant.

130 1094 256 1172 Quibus
273 1091 426 1181 perlectis
437 1093 539 1160 iidem
556 1089 647 1158 Zoda
663 1089 794 1164 et'Bcrs
809 1112 870 1180 pro
886 1113 923 1161 se
939 1101 972 1158 et
987 1091 1103 1159 ecdem
1119 1090 1258 1156 Nicolac

130 1199 290 1285 predictis
306 1199 424 1267 litteris
435 1197 650 1282 inquisitcrlis
667 1199 817 1284 Magistri
836 1201 998 1268 Lauraute
1015 1197 1148 1268 Comitis
1166 1196 1258 1266 Wan-

129 1308 329 1393 primyeusis
355 1311 388 1371 et
413 1309 552 1387 quatuor
576 1304 728 1374 lodicum
745 1305 1024 1390 contradixerunt,
1051 1305 1254 1375 falsificando

129 1417 237 1500 ipsum
254 1415 448 1498 Magistrum
460 1411 623 1482 Leureuta
640 1419 673 1480 et
689 1411 770 1480 duos
786 1435 828 1482 eu
839 1413 964 1483 eisdem
976 1419 1116 1498 quatuor
1131 1414 1255 1481 Judici-

131 1526 201 1606 bus,
220 1520 374 1590 videlicet
386 1519 545 1591 Comitem
556 1521 726 1610 Mathyam
747 1522 875 1590 deWrs
892 1527 925 1588 at
939 1522 1133 1609 Magistrum
1149 1524 1256 1610 Heym

131 1633 173 1698 de
190 1633 211 1700 J
214 1639 296 1713 otas,
313 1631 405 1715 ipsas
416 1631 544 1698 litteras
562 1649 673 1698 eorum
690 1629 795 1698 salsas
811 1649 887 1699 csse
904 1637 1093 1698 asserentes
1113 1631 1146 1694 iu
1163 1651 1212 1718 ac,
1221 1638 1258 1698 ut

131 1739 219 1805 idem
233 1738 392 1822 Magister
407 1737 593 1821 Laurente,
611 1735 729 1804 comcs
755 1735 911 1822 Mathyas
930 1743 963 1800 et
978 1735 1136 1818 Magister
1153 1738 1257 1827 Hcyrn

130 1868 196 1914 nou
213 1865 254 1911 ex
270 1845 362 1928 scitu,
378 1862 541 1912 consensu
557 1849 590 1910 at
614 1845 784 1912 voluntate
799 1843 940 1912 Donatis
957 1849 991 1909 et
1007 1844 1163 1932 Gelyany
1179 1849 1257 1915 allo·

129 1975 202 2022 rum
218 1955 355 2020 ducrum
380 1951 534 2020 Judicum
559 1971 598 2018 ex
621 1952 703 2038 ipsis
731 1958 869 2034 quatuor
895 1952 1066 2020 Judicibus
1092 1955 1257 2022 Nobilium

132 2064 319 2131 Comitatus
325 2060 605 2148 Weuprimyeusis
616 2061 782 2145 predictas
794 2062 922 2129 litteras
934 2059 1158 2144 inquisitorias
1171 2061 1257 2129 frau-

132 2171 292 2255 dulenter,
308 2170 428 2251 inique,
447 2168 562 2236 dolose
577 2175 611 2233 et
625 2167 711 2236 falso
729 2167 824 2238 modo
840 2169 1001 2236 fecissent
1020 2170 1169 2238 amanari
1185 2189 1257 2237 ccu-

131 2295 185 2347 tra
200 2279 303 2363 ipsos.
319 2275 414 2342 Vnde
424 2293 484 2358 per
500 2273 666 2340 domiuum
678 2273 846 2342 Andream
857 2275 1024 2342 illustrem
1037 2276 1162 2360 Regem
1172 2275 1257 2344 Hun-

135 2387 239 2474 garie,
256 2383 420 2450 dominum
446 2390 602 2466 nostrum,
620 2389 653 2449 et
668 2401 728 2467 per
751 2403 812 2450 nos
836 2389 1005 2467 tamquam
1020 2385 1259 2470 'Vico-judicem

131 2496 232 2564 curie
248 2492 352 2579 Regio
369 2496 529 2559 statutum
546 2491 675 2576 fuerat,
692 2490 831 2575 quadiu
848 2493 1024 2576 quindenis
1042 2492 1138 2558 Beati
1155 2496 1255 2564 Geor-

131 2607 179 2690 gii
195 2602 338 2670 martiris
363 2600 463 2666 amba
488 2609 601 2683 partes
627 2614 737 2666 coram
757 2598 889 2669 domino
914 2603 1004 2686 Rege
1029 2610 1255 2687 comparerent

130 2713 267 2797 iterato,
285 2721 317 2778 et
331 2708 513 2777 Ladizlaus
528 2713 561 2774 et
578 2709 667 2776 Dees
688 2709 781 2793 ipsas
799 2711 928 2777 litteras
952 2709 1147 2779 falsificatas
1165 2713 1253 2780 exhi-

131 2821 258 2895 berent,
274 2817 375 2883 iidem
390 2833 469 2882 vero
485 2813 579 2882 Zoda
589 2815 697 2898 ,Bora
712 2823 746 2882 et
760 2817 916 2884 Nicolaua
931 2817 1090 2886 deberent
1106 2840 1252 2908 compro·

130 2933 225 3014 bare,
239 2934 274 2995 vt
283 2926 443 3011 Magister
454 2925 628 3010 Laurente,
640 2926 758 2993 (lomes
769 2927 925 3013 Mathyas
936 2934 968 2990 et
979 2927 1137 3011 Magister
1147 2929 1255 3014 Haym

131 3040 198 3104 sint
214 3034 292 3102 falsi
303 3033 444 3119 judicas,
470 3037 501 3098 at
516 3031 666 3118 predicte
691 3033 799 3100 littera
816 3052 928 3100 eorum
946 3033 1148 3116 inquisitorie
1166 3037 1255 3104 simi-

130 3148 208 3212 liter
224 3144 309 3210 falsa
326 3149 361 3208 et
377 3140 473 3207 modo
499 3140 675 3225 prehabito
691 3149 865 3224 emanata,
894 3150 989 3228 prout
1006 3143 1066 3210 hcc
1084 3145 1119 3211 in
1136 3145 1254 3214 litteris

17 3314 24 3324 .
130 3253 279 3321 eiusdem
295 3249 420 3316 domiui
444 3248 544 3332 Regis
561 3248 700 3316 formam
712 3249 829 3336 judicij
856 3251 1097 3319 continentibus
1124 3273 1252 3341 compa-

130 3365 234 3429 rimus
251 3359 428 3428 euidenter.
455 3357 715 3425 aduenientibus
732 3357 841 3441 itaque
861 3359 943 3442 ipsis
970 3360 1142 3441 quindenis
1158 3363 1255 3430 Beati

130 3469 266 3553 Georgii
282 3466 438 3545 martiris,
455 3465 532 3549 quia
543 3465 693 3532 domiuus
704 3467 774 3530 Rex
790 3465 899 3551 ipsam
910 3474 1047 3536 causam
1063 3470 1158 3536 nobis
1169 3489 1254 3536 com·

128 3580 268 3648 miserat
292 3567 503 3644 iudicandam
521 3581 553 3641 ct
577 3574 692 3640 ordina
717 3573 797 3642 iuris
814 3573 1053 3662 decidendam,
1076 3578 1253 3647 Ladizlaus

130 3698 165 3756 et
181 3689 270 3753 Deaa
288 3687 396 3752 dietas
414 3683 539 3750 litteras
566 3680 761 3750 falsificatas
778 3682 987 3749 exhibuerint
1012 3684 1047 3753 in
1061 3689 1163 3754 nostri
1178 3708 1251 3775 pre·

130 3795 258 3877 sancia,
275 3800 310 3858 ut
325 3792 514 3871 debebant,
540 3790 642 3858 iidem
656 3809 734 3856 uero
750 3791 841 3858 Zoda
860 3797 893 3856 et
908 3793 990 3858 Bcrs
1007 3813 1065 3878 pro
1091 3813 1128 3863 se
1144 3803 1178 3863 at
1193 3815 1253 3881 pru

128 3911 206 3994 ipsc
222 3900 360 3969 Nicolac
377 3906 604 3986 comparantes
631 3899 849 3968 exhibuerunt
865 3903 1026 3985 quasdam
1049 3902 1176 3973 litteras
1192 3903 1253 3972 sub

129 4015 260 4082 duobus
276 4011 395 4098 sigillis
412 4010 540 4079 anuleis
556 4011 590 4076 ln
606 4010 667 4076 hec
682 4013 785 4080 uerba
801 4033 809 4073 :

241 4121 379 4188 Domine
394 4122 474 4187 Rex.
494 4121 741 4205 conqueruntur
757 4121 851 4188 uobis
869 4120 1040 4207 Gelyauus
1066 4126 1100 4188 et
1115 4123 1254 4190 Donach

128 4231 264 4302 iudices
287 4233 327 4297 de
344 4231 505 4298 Oumitatu
521 4229 793 4316 Weuprimyensi,
809 4236 841 4296 et
866 4236 984 4316 petunt
1008 4230 1254 4299 Excelleuoiam

130 4342 286 4409 Vestram
312 4337 552 4426 supplicando,
580 4339 667 4421 quod
684 4337 862 4404 Ladialaus
888 4338 975 4407 filius
999 4339 1091 4408 Rusd
1116 4345 1149 4404 et
1164 4341 1254 4409 Deea

129 4452 219 4519 tilius
237 4447 418 4536 Tyburchij
433 4447 573 4527 litteras,
592 4446 725 4529 quasin
742 4446 858 4512 Vestro
876 4444 1062 4515 Maiestatis
1080 4449 1255 4531 presencia

128 4561 164 4626 in
181 4559 310 4626 cctauis
327 4557 404 4643 diey
431 4575 586 4642 cynerum
602 4555 670 4638 legi
685 4553 831 4622 fecerunt
852 4560 968 4623 contra
985 4555 1078 4622 cha
1087 4605 1096 4639 ,
1124 4557 1204 4625 Bcrs
1221 4563 1255 4623 et

128 4669 306 4736 Nicolaum
325 4667 366 4733 de
382 4663 536 4731 Zurchuk
553 4683 651 4750 super
667 4681 707 4728 ec
717 4713 726 4747 ,
752 4671 788 4729 ut
808 4665 871 4748 ipsi
892 4664 1027 4733 eosdem
1043 4685 1143 4750 super
1166 4673 1255 4733 terra
