3214 5238
68 1140 133 1205 ΙΠ.
149 1139 260 1206 Badra
274 1137 382 1225 kirctly
397 1161 419 1204 a
432 1135 620 1226 cpolccipui
633 1137 776 1224 apdczdlc
790 1138 937 1224 oepeiaelc
951 1139 1190 1206 admsacbudact-

455 1248 511 1332 pat
526 1245 693 1331 hiatosttja.
711 1246 810 1324 1301.

178 1442 328 1512 Andreas
344 1441 408 1510 Dei
423 1441 539 1526 gracia
554 1441 626 1507 Rex
647 1439 837 1528 Hungarie‚
863 1441 1016 1512 fidelibus
1043 1446 1110 1513 suis
1126 1447 1196 1516 vni-

68 1547 177 1620 uersis
201 1550 432 1620 collectoribus·
445 1555 515 1618 tam
540 1548 767 1636 denariorum,
794 1569 892 1636 quam
916 1551 1106 1620 victualium
1132 1575 1193 1642 pro
1287 1623 1289 1630 ,

66 1671 218 1748 tempore
234 1657 419 1729 constitutis
434 1660 577 1728 salutem
592 1666 626 1728 et
641 1660 797 1746 graciam.
815 1659 896 1738 (ium
911 1661 1055 1730 uniuersi
1071 1666 1191 1752 populi

66 1773 295 1860 religiosarum
321 1775 355 1837 et
369 1767 441 1836 Deo
462 1768 654 1837 deuotarum
679 1769 881 1837 dominarum
905 1789 1052 1840 sororum
1070 1757 1120 1839 'de
1136 1774 1195 1839 In-

66 1882 143 1948 sula
159 1879 303 1965 Virginis
319 1876 491 1963 Glorioso,
508 1877 631 1963 ubique
646 1877 793 1946 locorum
811 1878 845 1943 in
861 1879 976 1965 Regno
1001 1883 1113 1948 nostro
1128 1882 1198 1948 exi-

66 1993 194 2058 stentes
204 2037 214 2073 ,
238 1987 330 2053 iuxta
346 1990 494 2053 tenorem
510 1985 753 2073 priuilegiorum
778 1985 984 2056 dominorum
1001 1984 1198 2076 St(ephani)

66 2102 101 2164 et
125 2093 465 2183 Ladislai,Illustrium
475 2097 602 2182 Regum
612 2095 766 2182 Vngarie,
784 2094 1035 2166 karissimorum
1052 2095 1190 2167 fratrum
1288 2131 1290 2136 ·

65 2210 251 2274 nostrorum
267 2203 481 2290 patruelium,
499 2224 540 2274 ac
555 2209 761 2290 nostrorum,
778 2205 821 2271 ab
841 2206 929 2273 omni
945 2223 1066 2290 genere
1083 2209 1190 2276 colle·

67 2317 207 2392 etarum,
223 2306 430 2378 denariorum
446 2310 573 2381 seilicet
588 2317 622 2379 et
638 2311 840 2398 victualium,
857 2330 939 2398 pure
955 2317 989 2378 et
1004 2312 1197 2400 simpliciter

65 2420 133 2489 sint
148 2418 310 2506 exempti,
338 2417 492 2487 fidelitati
508 2419 732 2489 uniuersitatis
749 2425 862 2486 vestre
878 2418 1079 2506 precipimus
1095 2419 1198 2488 firmi-

66 2535 119 2597 ter
134 2533 169 2596 et
183 2525 331 2596 districte
340 2576 349 2611 ,
375 2534 536 2611 quatenus
553 2523 660 2598 dictos
676 2527 816 2614 populos
840 2526 1015 2594 occasione
1039 2528 1197 2599 collecta·

65 2656 148 2721 rum,
166 2653 356 2720 quoeunque
371 2636 504 2703 nomine
521 2641 734 2722 censeantur,
760 2655 825 2703 non
842 2635 1041 2722 presumatis
1069 2635 1195 2721 aliqua-

65 2753 164 2814 tenus
179 2745 375 2830 molestare,
390 2741 443 2813 ue'l
460 2744 596 2831 exigere
612 2743 740 2827 aliquid
756 2743 799 2809 ab
817 2742 963 2828 eisdem;
989 2747 1023 2810 et
1041 2743 1131 2813 aliud
1147 2745 1195 2815 ia·

65 2872 142 2921 cere
157 2873 223 2922 non
240 2851 437 2938 presumatis
452 2853 520 2921 ullo
539 2852 658 2935 modo,
686 2851 831 2936 alioquin
846 2849 1113 2939 indignacionem
1134 2873 1193 2918 no-

64 2968 171 3031 stram
197 2961 352 3030 senoietis
367 2960 515 3047 grauiter
540 2958 728 3028 incurrisse.
754 2960 877 3030 Datum
893 2958 986 3028 Bude
1002 2961 1037 3026 in
1064 2961 1191 3029 octenis

64 3068 328 3160 Epiphaniamm
345 3066 487 3156 Domini,
505 3090 591 3140 anno
611 3065 752 3136 eiusdem
768 3067 818 3134 Μο
834 3066 933 3138 000ο
949 3068 1064 3153 primo.

272 3279 419 3354 (Eredetie
432 3300 451 3339 a
463 3281 552 3340 buclai
564 3281 765 3354 hialamarei
777 3279 980 3350 leveltarban.)
