3166 5238
837 291 997 391 gm-

356 489 443 558 lacto
459 495 545 554 terre
562 487 707 574 quinque
724 487 911 570 porcionum
930 487 972 552 de
997 492 1085 553 terra
1101 487 1203 552 Tema
1223 487 1335 552 taliter
1353 502 1483 551 concor·
1575 507 1577 516 κ

356 597 474 680 desse,
501 596 585 680 quod
611 595 695 662 feria
721 599 817 660 sexta
843 593 992 678 proxima
1014 599 1091 677 post
1122 597 1259 660 octenas
1284 589 1482 660 Natiuitatis
1575 613 1577 648 t

356 702 450 770 Beati
467 701 630 771 Johannis
646 703 794 786 Baptiste
809 699 873 768 hoo
900 720 1007 778 anno,
1025 701 1192 787 Nyoolaus
1210 707 1242 766 et
1257 698 1432 767 lohannes
1448 699 1481 764 fi-

355 811 389 896 lij
408 811 544 878 (inmitis
562 811 662 898 Byter
672 859 681 892 ,
709 830 775 877 vna
791 828 866 875 cum
883 808 1043 895 Dyonisio
1060 811 1180 892 Magno
1194 809 1261 873 filio
1278 808 1374 892 June,
1393 812 1425 869 et
1440 807 1483 871 al·
1575 787 1577 836 ξ

355 925 425 985 tero
448 918 609 1005 Dyonisio
634 913 700 981 filio
718 916 897 1000 Tyburchij
924 915 965 981 de
992 916 1149 994 Palasth,
1176 918 1209 981 in
1235 935 1375 996 quorum
1397 915 1484 998 jura·
1575 949 1576 1006 3

356 1031 466 1092 mento
482 1025 568 1092 idem
584 1025 769 1090 Demetrius
794 1025 879 1091 filius
896 1023 1047 1106 Faroasij
1066 1042 1123 1108 pro
1141 1043 1178 1089 se
1193 1029 1226 1090 et
1241 1023 1399 1090 iratribus
1416 1019 1482 1085 suis
1575 1019 1576 1022 ’

358 1131 514 1221 predictis
530 1133 652 1199 iactum
682 1131 842 1198 dictarum
869 1131 1009 1215 quinque
1026 1131 1215 1216 portionum
1232 1138 1318 1196 terre
1334 1128 1483 1216 predicte

357 1247 475 1326 sponte
491 1239 642 1311 submisit
662 1239 890 1320 decidendum,
911 1238 1119 1323 presentibus
1136 1238 1219 1306 Jurk
1234 1238 1301 1304 filio
1320 1238 1483 1322 Stephani
1575 1269 1576 1304 l

357 1348 398 1416 de
424 1349 604 1422 zelatum,
630 1367 727 1431 quem
744 1349 846 1433 ijdem
872 1346 935 1431 filij
953 1346 1090 1415 Comitis
1116 1350 1219 1433 Byter
1236 1345 1425 1427 adducent,
1452 1351 1483 1411 et

357 1456 488 1524 Andrea
504 1456 570 1524 filio
596 1456 713 1533 Araw,
741 1475 834 1540 quem
851 1454 911 1540 filij
929 1454 1082 1538 Faroasij
1109 1460 1142 1519 ct
1157 1452 1217 1536 filij
1236 1454 1355 1532 Perse,
1373 1458 1484 1538 partes

359 1572 498 1646 actores,
516 1562 692 1650 adducent,
716 1563 902 1630 hominibus
919 1561 1042 1630 domini
1069 1561 1168 1640 Regis
1184 1559 1319 1642 duobus,
1337 1567 1372 1626 et
1397 1563 1484 1629 testi·

359 1671 477 1755 monijs
495 1669 638 1755 Capituli
654 1669 838 1750 Votienus,
858 1688 941 1754 quos
958 1668 1123 1736 adducent
1139 1668 1373 1752 umbe-partes,
1392 1690 1482 1736 acco·
1575 1695 1577 1780 p

359 1775 439 1843 dent
454 1784 568 1863 partes
580 1798 678 1863 super
688 1773 838 1864 iacie(m)
857 1777 1018 1844 dictarum
1036 1776 1181 1858 quinque
1197 1775 1390 1860 pernionum
1407 1778 1482 1844 lilio·
1575 1781 1577 1836 i

361 1904 431 1950 rum
448 1887 598 1971 Furcasij
618 1893 650 1952 et
666 1883 805 1952 tiliorum
831 1887 931 1952 Perse
949 1883 1254 1964 contenciosarum,
1282 1891 1315 1948 et
1331 1883 1434 1968 ijdem
1451 1886 1483 1952 fi-

359 1994 395 2078 lij
413 1991 549 2060 domitis
566 1994 669 2079 Byter
694 1991 769 2076 dno,
787 1999 821 2058 et
836 1992 900 2059 duo
928 1990 1089 2058 nominati
1106 1989 1257 2076 predicti,
1274 1991 1361 2057 sicut
1387 1994 1481 2059 moris

360 2107 410 2166 est
426 2101 533 2165 iurare
551 2105 794 2184 superterram,
812 2099 1001 2184 recipiendo
1019 2105 1141 2164 terram
1159 2098 1201 2164 ad
1218 2118 1355 2180 manus,
1383 2107 1417 2165 ot
1432 2120 1484 2185 po·
1575 2159 1577 2188 ᾗ

362 2208 467 2274 nendo
484 2225 584 2292 super
600 2208 711 2291 capita
726 2227 795 2290 sua,
811 2207 966 2274 iuuabunt
982 2227 1080 2295 super
1096 2227 1146 2293 eo,
1164 2207 1251 2293 quod
1262 2207 1379 2274 eedem
1398 2209 1482 2292 quin·
1575 2189 1577 2198 ’

361 2332 424 2395 que
440 2315 616 2398 porciones
631 2322 718 2382 terre
733 2315 942 2384 contencione
960 2316 1025 2384 sint
1042 2321 1075 2380 et
1090 2317 1212 2382 luerint
1226 2313 1268 2382 de
1283 2316 1481 2383 hereditario
1575 2313 1576 2398 ζ

361 2421 429 2489 iure
446 2421 584 2490 filiorum
607 2427 708 2510 Byter
723 2423 959 2509 predictorum,
985 2430 1109 2509 etpost
1125 2425 1186 2490 heo
1211 2429 1321 2509 partes
1348 2423 1382 2490 in
1400 2429 1482 2490 octa·

360 2529 410 2593 uis
427 2529 524 2597 Beati
538 2531 665 2618 Jacoby
691 2532 841 2617 Apostoli
867 2531 1098 2616 comparebunt
1124 2551 1235 2598 coram
1256 2531 1353 2597 nobis
1381 2531 1481 2598 tonius
1575 2553 1577 2630 t

359 2637 439 2705 iacti
464 2637 582 2704 seriem
608 2639 642 2706 in
668 2640 785 2706 litteris
802 2640 879 2706 dicti
904 2639 1048 2727 Capituli
1069 2639 1243 2705 Veniensis
1268 2647 1483 2726 reportantes.
1575 2647 1576 2662 ¹

360 2745 480 2810 Datum
497 2745 589 2812 Bude
606 2748 745 2829 septimo
772 2747 826 2814 die
843 2755 1033 2815 octauarum
1055 2749 1286 2830 Pentecostes,
1313 2765 1402 2815 auno
1427 2746 1484 2812 Do·

362 2851 441 2918 mini
456 2852 516 2917 Mt
534 2852 615 2922 00⁰.
632 2855 846 2937 nonagesimo
863 2873 960 2920 nono.

470 3049 579 3116 Jeppzet.
592 3045 776 3120 Bo'rhdrtydn
798 3049 860 3104 kelt
872 3047 935 3106 zdrt
947 3046 1025 3106 levdl
1047 3045 1225 3119 pecsdtenek
1248 3046 1368 3120 caekdly
1381 3047 1486 3105 marad-

362 3133 529 3207 vtnyaival.
548 3137 683 3196 Haltirata
698 3157 731 3194 ez
746 3160 753 3194 ε
772 3159 825 3212 pro
838 3139 905 3211 filijs
919 3139 1040 3196 Comitis
1053 3139 1145 3211 Byter
1158 3145 1260 3195 contra
1273 3136 1349 3196 filios
1361 3137 1486 3206 Faroasij

364 3232 394 3282 et
404 3224 479 3283 filios
491 3225 589 3298 Perse,
611 3233 648 3285 ad
662 3229 827 3302 Capitulum
840 3230 993 3300 Vaoiense‚
1008 3229 1162 3288 adfaciem
1185 3235 1261 3286 terre
1275 3229 1388 3284 Thema
1404 3230 1439 3284 ad
1451 3227 1486 3282 ie·

362 3315 434 3372 riam
448 3322 558 3372 sextam
572 3324 638 3388 post
651 3324 770 3376 octenas
783 3321 869 3376 Beati
882 3321 1024 3376 Johannis
1044 3320 1177 3391 Baptiste
1192 3329 1219 3374 et
1241 3320 1279 3374 ad
1301 3317 1434 3374 Judioem
1455 3319 1488 3374 ad

364 3410 486 3550 οαῐεέεε
497 3404 584 3462 Beati
602 3407 718 3465 Jacobii
731 3410 873 3482 Apostoli.
898 3409 923 3464 Α
935 3407 1044 3465 kdkkdi
1057 3405 1240 3466 levdltdrbsn
1254 3428 1260 3462 :
1275 3407 1360 3462 Fasc.
1386 3410 1411 3462 1.
1425 3407 1489 3463 Nro.

365 3496 409 3550 10.
461 3497 516 3565 rdp.
