3188 5238
82 560 124 626 tis
141 559 275 626 Martini
300 557 522 627 VioessJudiois
539 563 637 632 Ourie
654 567 783 648 nostre,
811 581 910 649 snper
929 564 1072 649 quadem
1098 566 1198 650 parti-

83 671 158 738 onla
175 679 279 756 terre,
297 671 382 736 intra
397 670 503 739 Beren
520 673 692 740 existentis
710 675 910 756 confectum,
934 681 1050 758 petens
1066 695 1088 740 a
1104 675 1200 742 nobis

79 797 152 844 eum
169 777 353 866 instancia,
379 785 415 845 ut
430 799 490 848 nos
516 781 620 865 ipsum
649 781 858 866 privilegium
883 787 990 848 ratum
1016 782 1202 867 heberaei

80 894 197 956 nostro
215 889 425 974 dignaremur
448 888 621 976 privilegio
638 890 840 956 confirmare.
871 889 970 975 (injus
987 889 1118 976 quidem
1136 893 1200 977 pri-

79 997 198 1085 vilegij
216 1005 309 1064 tenor
326 995 403 1064 talis
420 1003 494 1062 est:

190 1107 260 1173 Nos
279 1104 396 1172 (lomes
412 1105 572 1173 Martinus
588 1108 650 1172 stb.
677 1110 759 1181 (mint
774 1113 891 1169 fentebb
909 1115 958 1169 69.
976 1134 1013 1169 sz.
1032 1112 1068 1183 a.)

190 1213 260 1279 Nos
281 1215 393 1294 itaque
419 1212 522 1298 ipsius
546 1213 728 1282 Andronici
743 1213 909 1302 Prepositi
935 1213 1202 1300 wesprimiensis

74 1321 179 1407 justis
196 1321 416 1408 peticionibus
427 1322 650 1390 favorabiliter
666 1322 826 1408 inolinati,
843 1323 924 1406 quia
934 1324 1137 1406 inspeximus
1154 1322 1203 1390 di-

78 1436 168 1499 etum
186 1430 396 1516 privilegium
414 1429 551 1498 Comitis
567 1430 701 1499 Martini
719 1451 784 1498 non
800 1431 972 1514 abrasum,
996 1451 1063 1498 non
1079 1432 1204 1498 canoel-

76 1540 196 1624 latum‚
215 1559 281 1607 non
298 1539 454 1607 abolitum
464 1589 474 1624 ‚
492 1558 553 1606 neo
569 1539 603 1604 in
620 1537 733 1621 aliqua
749 1541 799 1604 sui
817 1547 910 1617 parte
928 1539 1095 1622 viciatum,
1113 1547 1203 1607 teno-

76 1669 147 1715 rem
174 1648 325 1733 ejusdem
342 1646 386 1714 de
405 1647 504 1714 verbo
522 1647 717 1716 adverbum
735 1647 944 1732 presentibus
960 1647 1062 1717 inseri
1078 1647 1203 1716 faeiem·

75 1767 138 1844 tes,
157 1759 269 1844 ipsum
286 1755 494 1840 privilegium
518 1763 623 1822 ratum
641 1753 801 1824 habentes
826 1764 859 1822 et
879 1762 1067 1842 acceptum,
1087 1757 1202 1825 antho-

74 1869 178 1935 ritate
198 1865 407 1952 presencium
431 1866 660 1932 confirmamus
676 1865 817 1950 duplicis
842 1863 944 1950 sigilli
970 1863 1075 1930 nostri
1102 1864 1202 1929 muni-

75 1976 165 2042 mine
183 1971 378 2039 roborando.
403 1973 526 2040 Datum
543 1993 601 2057 per
618 1993 733 2040 manus
753 1972 951 2040 venerabilis
975 1971 1036 2037 viri
1057 1972 1205 2056 magistri

75 2081 252 2152 Theodori
275 2080 436 2166 Prepesiti
461 2079 617 2148 Albensis
652 2082 726 2148 aule
757 2087 865 2148 nostre
899 2077 1204 2164 Vina-Oanoellarij,

74 2193 186 2262 Eleoti
204 2191 353 2258 Eoelesie
370 2189 575 2274 laoniensis,
601 2189 712 2256 dileoti
729 2199 762 2259 et
777 2188 881 2256 fidelis
898 2187 1020 2274 nostri,
1038 2206 1126 2254 anno
1138 2185 1204 2254 Do·

71 2303 155 2370 mini
171 2300 227 2368 Μ0
240 2298 534 2382 OO⁰nonagesimo
546 2299 673 2385 quinto,
690 2301 809 2380 quarto
819 2295 982 2364 kalendas
993 2293 1085 2380 Maij,
1102 2293 1207 2382 Regni

72 2416 193 2480 autem
208 2407 311 2474 nostri
335 2426 421 2473 anno
439 2405 561 2487 quinto.
591 2451 594 2455 -

276 2599 420 2661 OEredetie
435 2619 453 2657 a
466 2579 625 2674 veszpremi
638 2599 778 2674 ktptslsn
791 2596 1015 2670 leveltbrbbsn.)

530 2907 779 2920 m
