3166 5238
344 1409 376 1478 A
384 1413 492 1500 jdeado'
506 1415 638 1480 kouoeat
652 1437 674 1478 a
689 1411 815 1502 [ἅπας]
839 1419 1006 1504 ummaedp
1031 1416 1149 1511 nernely
1173 1416 1260 1500 topos·
1284 1415 1354 1479 bozo
1377 1414 1454 1478 Ldo-
1479 1389 1484 1402 ⁸

346 1543 420 1586 seon
447 1521 514 1586 leot
536 1521 707 1588 &neoto
724 1519 826 1606 soloti
849 1526 962 1588 timent
977 1521 1239 1610 drokepyeesdprlll
1262 1521 1453 1607 biaonyllod-

781 1641 836 1716 oyt
852 1629 904 1694 od.
929 1633 1026 1696 1298.

450 1865 607 1935 Omnibus
624 1864 746 1934 Obristi
771 1861 923 1934 fidelibus
941 1874 1008 1934 tam
1037 1866 1248 1955 presentibus
1265 1884 1362 1949 quam
1378 1865 1456 1934 intu-

345 1976 391 2045 ris
407 1979 591 2062 presentem
607 1973 762 2059 paginam
780 1975 976 2060 inspeotnris
992 1995 1052 2042 uos
1063 1973 1259 2060 Propositus
1276 1979 1309 2042 et
1317 1973 1457 2043 Conuen-

283 2113 284 2124 ¹
344 2089 396 2150 tue
412 2072 583 2150 de'Jozow
600 2083 739 2149 salutem
756 2082 790 2147 in
806 2082 948 2149 omnium
973 2086 1146 2150 saluatore.
1163 2083 1218 2149 Ad
1234 2084 1458 2151 uniuersorum

344 2190 498 2258 notioiam
517 2189 632 2256 barum
648 2191 733 2258 serie
751 2190 1110 2276 uolumus-peruenire,
1129 2199 1163 2258 ut
1179 2192 1336 2275 quioquid
1353 2210 1458 2256 eoram

345 2299 551 2385 presentibus
568 2299 685 2384 agitur,
701 2319 723 2365 a
738 2299 893 2366 memoria
908 2299 1100 2388 molebatur.
1117 2300 1202 2366 Hine
1218 2307 1282 2384 est,
1306 2301 1395 2383 quod
1411 2317 1457 2362 oo-

345 2426 413 2474 ram
431 2405 524 2472 uobis
540 2407 754 2488 personaliter
770 2407 938 2474 constituti
953 2408 1119 2491 Jaoobus,
1144 2409 1320 2475 Ladislans
1346 2415 1379 2472 et
1395 2409 1457 2473 Do·

219 2559 223 2567 ·
345 2513 485 2582 minione
501 2511 560 2580 tilii
572 2515 659 2584 Petri
675 2513 715 2579 do
741 2515 833 2582 Leno
857 2518 1061 2601 protulerunt
1070 2509 1154 2584 'viva
1168 2535 1268 2599 voce,
1286 2516 1375 2600 quod
1390 2535 1458 2600 par·

344 2622 476 2689 tieulam
493 2627 577 2690 terre
593 2623 684 2690 Lane
711 2631 909 2709 memorate,
936 2624 1064 2691 soilioet
1079 2623 1123 2690 ad
1139 2624 1281 2692 medium
1307 2630 1458 2705 aratrum,

347 2749 444 2815 quam
459 2737 555 2819 pater
580 2730 722 2818 ipsorum
739 2731 854 2797 Petrus
880 2735 1072 2815 prenotatur
1100 2732 1169 2798 suis
1196 2731 1458 2816 consanguineis,

345 2841 443 2908 Petro
459 2839 631 2922 sacerdoti,
647 2839 806 2923 Gregorio
824 2844 856 2905 et
871 2837 1006 2922 Thome‚
1022 2838 1099 2926 filijs
1115 2839 1273 2906 Hermoni
1289 2839 1332 2904 de
1349 2839 1460 2906 eadem

345 2949 445 3031 Leno,
463 2947 600 3014 dederat
615 2953 649 3014 et
665 2949 846 3014 contulerat
861 2955 1018 3034 perpetuo
1037 2949 1107 3014 inre
1125 2945 1186 3032 (et)
1203 2948 1460 3016 irreoooabiliter

345 3054 599 3141 possidendam,
626 3062 661 3120 ut
685 3054 829 3121 vidimus
849 3055 883 3120 iu
908 3053 1081 3140 priuilegio
1105 3057 1257 3141 Agriensi
1283 3057 1458 3136 contineri5

348 3162 463 3230 eodem
490 3163 587 3228 modo
612 3163 774 3245 Jaoobus,
808 3161 983 3230 Ladislans
1009 3171 1041 3228 et
1069 3164 1258 3231 Dominious
1283 3163 1460 3255 supradicti

345 3270 502 3359 ipsisdem
518 3271 614 3336 Petro
631 3271 797 3338 saoerdoti
806 3322 815 3355 ,
833 3273 989 3358 Gregorio
1006 3280 1039 3337 et
1054 3271 1179 3339 Thome
1203 3273 1392 3340 memoratis
1408 3274 1459 3339 de·

348 3379 465 3446 derunt
482 3385 515 3444 et
531 3376 731 3445 admiserunt
741 3381 879 3447 eandem
893 3380 1090 3472 partientem
1100 3388 1185 3447 terre
1201 3387 1378 3447 memorate
1390 3401 1459 3446 eum

346 3487 443 3552 oertis
458 3486 554 3554 metis
578 3486 790 3570 assignando.
817 3486 915 3554 (luins
941 3493 1027 3555 terre
1053 3494 1139 3554 mete
1159 3489 1207 3554 sio
1232 3487 1391 3574 inoipinot
1407 3490 1459 3556 :A

346 3600 441 3684 parto
458 3595 619 3678 aquilonis
636 3615 740 3680 prope
757 3595 852 3659 desolo
869 3595 967 3678 vulgo
985 3597 1105 3663 dieitur
1114 3600 1201 3662 meta
1217 3603 1344 3682 terrea3
1361 3617 1382 3661 a
1399 3599 1459 3663 Ka-

347 3711 470 3790 napota
485 3703 671 3790 incipiendo
688 3703 781 3770 vadit
796 3704 839 3770 ad
864 3703 1130 3789 meridionalem,
1156 3711 1257 3770 totum
1284 3706 1459 3791 oomplebit

348 3833 419 3878 oum
437 3812 553 3878 terreis
569 3810 665 3879 metis
681 3812 714 3876 iu
726 3811 846 3879 vertioe
863 3813 982 3880 montis
994 3815 1081 3880 eirea
1098 3815 1244 3900 vineam;
1262 3799 1460 3883 indeasoen·

347 3917 394 3987 dit
409 3920 443 3988 iu
461 3920 688 4020 monticulum,
716 3925 749 3986 et
763 3939 864 4004 prope
891 3916 1069 4006 (arborem)
1085 3919 1177 4005 oio-fa
1194 3928 1361 4006 vooatam;
1387 3921 1460 3988 inde

348 4028 518 4098 deseendit
537 4028 581 4094 ad
591 4027 686 4094 finem
694 4039 810 4114 proauo
830 4030 864 4110 in
880 4030 1001 4097 vallem
1016 4029 1126 4113 ibique
1142 4037 1228 4095 mete
1244 4039 1367 4115 terree3
1384 4030 1458 4096 iudo

291 4209 292 4212 ,
347 4137 436 4204 vadit
450 4157 561 4204 uersos
579 4136 678 4221 Gheb,
695 4141 726 4202 et
742 4134 789 4202 ibi
808 4139 1021 4204 terminantur
1036 4137 1099 4204 iste
1118 4143 1211 4221 mete,
1229 4147 1385 4224 separant
1401 4145 1459 4204 ter·

347 4267 417 4315 ram
433 4247 694 4332 suprodiotorum
705 4240 861 4331 Jl-aoobi),
877 4243 1053 4332 Lladislai)
1071 4253 1103 4312 et
1118 4246 1292 4314 Domiuiei.
1310 4247 1392 4314 Item
1402 4266 1457 4332 pro

348 4356 455 4436 vinea,
474 4375 535 4440 que
550 4357 639 4422 iaeet
654 4355 686 4420 in
703 4361 799 4441 parte
816 4354 973 4421 dietorum
989 4355 1083 4423 Petri
1098 4355 1291 4440 sacerdotis,
1309 4353 1454 4438 Gregorij

349 4471 383 4531 el
399 4463 532 4546 Thone,
548 4464 672 4530 hiidem
689 4457 774 4548 (lgy)
791 4463 811 4528 J
814 4463 947 4550 anobis,
965 4464 1140 4531 Ladislaus
1157 4465 1389 4530 olDominions
1406 4462 1454 4527 de·

349 4569 463 4637 derunt
479 4592 520 4638 ex
540 4579 632 4658 parte
655 4575 800 4658 ipsorum
824 4573 1019 4660 partioulam
1042 4583 1161 4660 yrtoom
1179 4579 1396 4656 prenotatam.
1419 4573 1451 4636 ln

347 4679 440 4746 ouius
458 4680 507 4747 rei
521 4679 707 4746 testimonio
733 4686 766 4745 et
779 4679 932 4770 firmitate
957 4683 1179 4750 ooneessimus
1205 4681 1330 4748 litteras
1356 4679 1449 4763 sigilli
