3188 5238
606 1018 660 1086 st.

75 1213 99 1280 Α
123 1216 277 1303 loirdlytol
301 1217 458 1284 tinniente
483 1217 575 1282 btrdls
593 1216 848 1303 bisooyodpleoole
867 1239 888 1280 a
914 1217 1061 1302 Torooyo
1086 1214 1186 1280 bie-tolo

262 1325 363 1390 indoti
378 1323 560 1416 bordtodpos
575 1323 771 1412 eppenotprlll.
788 1326 885 1391 1291.
900 1323 1001 1388 leontii.

174 1527 246 1608 Nos
263 1541 429 1611 Renoldue
446 1537 612 1624 quondam
627 1537 814 1624 Palatinus,
836 1539 992 1626 magister
1011 1535 1186 1604 Petrusrli·

76 1657 141 1719 otus
157 1650 314 1727 Pethene,
335 1650 494 1734 etcomes
506 1649 659 1731 Jooobns,
668 1645 797 1732 jndices
813 1647 847 1715 in
858 1647 1023 1715 Comitotu
1040 1646 1080 1713 de
1097 1649 1187 1714 Zem-

75 1759 115 1823 lin
125 1778 183 1844 per
200 1758 366 1824 dominum
382 1760 504 1842 Regem
521 1756 698 1840 constituti,
709 1757 823 1824 damus
841 1776 898 1841 pro
911 1755 1080 1839 memoria,
1101 1741 1187 1838 qnod

74 1867 225 1935 iohanne
242 1865 307 1932 filio
322 1865 518 1952 Langenssi,
531 1864 697 1933 Demetrio
713 1865 781 1932 filio
798 1864 856 1950 Uz,
869 1886 909 1934 ao
927 1863 1007 1946 Una,
1025 1862 1187 1948 Gregorio

78 1975 141 2042 filio
157 1977 293 2061 Komez,
310 1977 359 2044 Un
376 1973 442 2042 filio
469 1974 614 2061 Bolasey
631 1974 672 2040 de
689 1973 847 2060 Tolehva,
865 1974 999 2042 aeoliis
1016 1973 1058 2040 de
1073 1972 1188 2038 eodem

77 2074 183 2150 eorem
207 2085 305 2150 nobis
321 2084 540 2169 personaliter
559 2082 743 2158 constitutis
764 2082 807 2149 ab
833 2101 899 2148 nne
925 2089 1038 2168 parte,
1064 2079 1190 2146 Thema

78 2192 212 2272 Gemite,
231 2195 335 2258 Boeso
346 2191 421 2258 liliis
433 2192 542 2259 Simon
553 2210 593 2256 oo
610 2191 687 2258 aliis
703 2191 858 2258 fratribus
876 2191 945 2258 suis
962 2189 1190 2272 similiterper-

77 2301 232 2366 sonaliter·
246 2319 353 2367 eoram
370 2301 466 2368 nobis
487 2301 752 2383 comparentibus
772 2301 814 2367 ab
832 2301 957 2382 altere,
983 2299 1083 2378 iidem
1099 2296 1190 2363 nobi·

77 2409 123 2474 les
139 2408 179 2476 de
195 2409 346 2474 Tolehva
372 2408 523 2475 dixerunt
548 2414 789 2494 proponentes,
806 2408 892 2493 quod
909 2415 1030 2474 terram
1046 2405 1191 2474 Toronia

77 2523 233 2600 noestam,
252 2537 349 2602 quam
367 2538 387 2582 a
403 2517 479 2582 filiis
495 2517 619 2602 Simon,
632 2518 731 2603 juxte
748 2517 885 2586 formam
907 2516 1025 2602 judieii
1050 2517 1190 2602 require·

79 2625 172 2709 bant,
201 2625 270 2710 ipsi
295 2626 335 2693 de
360 2626 527 2692 voluntate
544 2633 576 2690 et
587 2622 732 2710 jndieum
752 2644 913 2690 consensu
930 2645 1028 2709 super
1043 2624 1191 2708 prediolo

78 2738 162 2802 terro
176 2733 288 2798 taliter
311 2733 395 2800 inter
412 2752 469 2800 eos
494 2731 603 2800 extitit
618 2732 818 2812 ordinatum,
844 2732 928 2814 quod
944 2752 1002 2818 pro
1018 2737 1105 2800 terra
1120 2750 1191 2815 pre-

83 2841 166 2906 diola
182 2842 313 2912 nobiles
332 2841 372 2908 de
398 2839 544 2910 Tolohva
568 2840 644 2907 filiis
660 2841 770 2910 Simon
787 2839 924 2910 Comitis
949 2841 1055 2906 minus
1071 2839 1191 2922 viginti

81 2949 194 3014 mareis
213 2949 372 3015 ducentas
387 2968 513 3018 mareas
537 2968 647 3015 eoram
673 2947 824 3033 Gepitnlo
841 2948 994 3036 Agriensi
1010 2949 1131 3032 partim
1156 2947 1190 3014 in

81 3063 222 3141 argento,
235 3055 397 3141 partimin
408 3057 618 3124 estimoniono
630 3057 993 3142 condignainterminis
1005 3055 1189 3140 insrosorip·

80 3161 117 3230 tis
141 3166 270 3230 solvere
295 3170 464 3230 teneantur
478 3165 554 3230 filii
579 3163 776 3250 supradietis
793 3167 854 3230 stb.
880 3165 1004 3232 Datum
1029 3164 1062 3228 in
1088 3163 1191 3248 Ujlak

80 3271 158 3336 feria
175 3282 273 3339 sexte
288 3272 437 3356 proxima
454 3281 533 3340 ante
552 3275 669 3342 festum
686 3273 782 3342 Beati
797 3273 967 3371 Miohflaelis
982 3271 1190 3355 Archangeli.

83 3483 238 3555 (Fejervriri
254 3483 602 3560 Okmrinygyiijtemenye‚
621 3487 697 3559 moly
710 3506 728 3544 a
742 3506 833 3544 nomn.
846 3485 1034 3544 muzeumban
1048 3484 1192 3550 iriztetik,

550 3575 600 3632 111.
619 3574 723 3648 kotet.)

501 3868 757 3880 m
