3262 5242
938 342 977 404 18

877 436 1034 446 nun-*—

401 561 471 608 rum
487 541 740 628 Wyenensium‚
760 561 781 605 a
798 539 883 608 festo
902 540 998 607 Beati
1013 539 1146 606 Andree
1163 538 1323 623 Apostoli,
1341 539 1430 622 quod
1448 546 1519 604 orat

402 668 488 714 anuo
504 647 638 716 Domini
653 651 687 717 ll
697 646 749 714 00
761 647 897 714 LXXX.
915 667 1022 733 noun,
1047 665 1149 730 usque
1166 645 1211 712 ad
1227 648 1409 732 proximam
1425 665 1519 715 reuo-

401 756 559 824 luoionem
584 757 687 844 ipsius
713 755 791 825 festi
807 757 938 844 pignori
963 756 1168 842 obligasset,
1194 753 1381 824 huiusmodi
1407 756 1518 826 eondi-

401 863 494 933 oioue
510 864 708 945 interserta,
726 864 811 948 quod
828 865 856 932 si
873 865 906 931 in
922 863 1132 933 reuolneione
1156 862 1303 931 eiusdem
1318 863 1395 931 festi
1411 865 1519 948 ipsum

402 991 529 1040 seruum
547 991 605 1057 pro
622 971 745 1040 eisdem
760 973 877 1058 viginti
893 973 1007 1061 pensis
1033 974 1076 1040 ab
1103 970 1219 1040 eodem
1239 971 1418 1040 Benedieto
1433 973 1520 1040 redi-

401 1101 489 1148 mere
504 1101 568 1149 non
585 1080 732 1162 ualeret,
759 1100 800 1147 ex
816 1077 895 1148 tune
912 1087 1030 1150 oetauo
1055 1081 1109 1150 die
1125 1088 1200 1170 post
1217 1082 1323 1166 ipsam
1339 1083 1519 1150 reuoluoio-

401 1207 474 1254 nem
491 1188 577 1268 festi,
595 1187 801 1274 supradictus
818 1190 1013 1257 Benedictus
1031 1190 1138 1258 eidem
1154 1189 1384 1256 Bartholomeo
1403 1189 1519 1256 deoem

402 1315 526 1381 pensas
553 1296 763 1364 denariorum
788 1297 1010 1385 superaddere
1026 1297 1170 1381 deberet,
1196 1303 1229 1363 et
1244 1303 1319 1383 post
1334 1295 1520 1363 huiusmodi

404 1404 711 1489 superaddioiouem
737 1405 802 1490 ipsi
826 1404 1007 1474 Benedioto
1032 1413 1281 1492 perpetuaretur
1296 1425 1410 1474 seruus
1427 1410 1520 1472 ante·

404 1514 522 1580 dietus.
539 1513 640 1596 Igitur
655 1532 726 1578 eum
743 1513 1159 1584 aduenientereuolunione
1171 1515 1247 1584 festi
1258 1516 1521 1600 supranominati

403 1643 467 1689 non
484 1621 646 1707 potuisset
662 1621 821 1690 redimere
838 1642 967 1691 seruum
984 1629 1208 1714 prenotatam,
1225 1622 1332 1690 dietus
1350 1623 1520 1691 Bartholo-

279 1821 282 1826 ,
405 1751 496 1797 meus
512 1731 555 1795 ab
572 1731 689 1798 eodem
705 1731 818 1799 Mikov
842 1731 915 1799 vioe
932 1741 965 1800 et
981 1732 1111 1801 nomine
1137 1730 1259 1822 prefati
1284 1733 1455 1801 Benedicti
1471 1754 1521 1800 re·

405 1839 530 1926 oipiens
548 1840 750 1925 supradictas
777 1842 892 1910 deoem
907 1862 1032 1930 pensas
1056 1844 1196 1910 eundem
1212 1843 1382 1910 Mieaelem
1399 1863 1458 1927 pro
1475 1843 1522 1911 vi·

405 1949 487 2034 giuti
502 1967 615 2034 pensis
632 1948 757 2034 pridem
783 1948 1025 2036 inpignoratis,
1052 1958 1085 2017 et
1101 1951 1214 2018 deoem
1240 1952 1353 2040 pensis
1379 1969 1465 2016 nuno
1480 1971 1523 2016 ex

405 2078 490 2124 nouo
525 2076 585 2141 per
600 2057 736 2124 eundem
755 2058 867 2126 Mikov
891 2062 1078 2146 persolutis,
1095 2059 1239 2127 reddidit
1264 2067 1296 2126 et
1311 2059 1522 2146 perpetuauit

405 2163 469 2250 ipsi
485 2163 660 2232 Benedioto
676 2173 832 2251 perpetuo
849 2168 881 2232 in
898 2166 982 2236 tilios
999 2165 1157 2252 filiorum;
1175 2166 1353 2251 obligando
1370 2187 1414 2249 ae,
1432 2169 1521 2251 quod

406 2274 587 2356 quicunque
603 2291 760 2357 processu
777 2281 953 2361 temporum
971 2273 1108 2341 eundem
1120 2293 1249 2342 seruum
1266 2275 1309 2340 ab
1327 2273 1443 2342 eodem
1460 2276 1521 2341 Be·

407 2380 534 2446 nedioto
551 2381 697 2465 inpetere
722 2389 952 2466 attemptaret,
977 2383 1049 2467 ipse
1075 2382 1323 2450 Bartholomeus
1348 2403 1407 2471 pro
1434 2403 1471 2450 se
1488 2390 1522 2450 et

406 2509 463 2577 pro
479 2488 556 2554 filiis
574 2490 640 2554 suis
657 2488 812 2575 expedire
827 2489 989 2556 tenebitur
1005 2489 1150 2576 propriis
1163 2491 1331 2558 laboribus
1348 2498 1382 2556 et
1398 2511 1518 2578 expen-

408 2599 463 2666 sis.
482 2596 566 2664 Huio
582 2598 688 2664 eniam
712 2597 899 2665 nendioioni
924 2604 957 2664 et
972 2598 1222 2686 perpetnaoinni
1245 2597 1414 2667 Johannes
1436 2600 1521 2666 filius

407 2708 511 2773 Pasea
525 2706 626 2772 frater
642 2706 744 2791 ipsius
760 2707 984 2774 Bartholomei
1009 2707 1104 2772 simul
1121 2727 1193 2774 oum
1219 2707 1332 2774 eodem
1349 2707 1522 2775 Bartholo-

407 2833 479 2880 meo
495 2813 739 2898 presencialiter
752 2835 863 2881 eoram
879 2815 973 2883 nobis
999 2816 1194 2883 constitutus
1219 2835 1412 2884 eonsensum
1429 2836 1521 2883 suum

407 2920 556 2987 adhibuit
572 2922 695 3006 pariter
711 2928 743 2987 et
759 2941 940 2989 assensum.
964 2924 1001 2988 In
1018 2925 1109 2990 ouius
1126 2927 1173 2991 rei
1190 2926 1379 2992 memoriam
1390 2943 1521 3009 presen-

408 3037 459 3094 tes
475 3031 694 3098 oonoessimus
705 3030 831 3096 litteras
843 3030 944 3111 sigilli
956 3031 1058 3098 nostri
1069 3033 1437 3100 munimiueroboratas.
1455 3034 1519 3098 Da-

408 3143 477 3202 tum
493 3156 577 3204 anno
595 3135 727 3205 Domini
743 3139 774 3203 M
786 3136 866 3204 CCL
875 3134 1016 3204 XXXX.

410 3330 543 3404 (Hartya.
556 3361 592 3372 -
604 3331 632 3386 A
643 3331 709 3402 meg
728 3332 762 3404 dp
777 3333 876 3405 penset
894 3331 975 3389 fehdr
993 3333 1124 3404 aelymen
1142 3331 1223 3406 frigg.
1239 3365 1267 3374 -
1285 3332 1520 3407 Poasonykdpta·

480 3423 540 3478 lani
553 3422 688 3498 orsudgos
701 3421 832 3480 levdltdr.
848 3423 943 3496 Capsa
955 3423 1033 3480 XlV.
1047 3421 1132 3480 Fene.
1146 3425 1191 3480 10.
1205 3424 1252 3480 Νι,
1265 3423 1309 3480 37.
1331 3427 1448 3493 Kaous.)

836 3719 1097 3728 m-..--...-.......
