3188 5238
590 345 754 496 ms..

117 589 202 660 dicto
219 590 345 659 Gemite
361 591 506 676 Georgia
521 593 746 679 principaliter
762 591 941 681 obligando
958 591 1100 662 inlibris
1119 601 1152 662 et
1168 615 1228 681 pro

115 698 205 766 libris
231 699 384 784 quinque
409 699 554 768 millibus
581 703 790 770 denariorum
818 699 1014 770 Venetorum
1039 723 1231 788 parvorum

115 807 262 876 dominus
280 808 445 876 Lubacius
460 808 578 895 Judex,
595 811 686 878 (liris
704 811 953 896 Scardonensis,
973 811 1144 896 syndicus,
1161 831 1234 898 pre

116 923 245 985 curator
270 921 302 982 et
327 923 419 984 actor
445 917 650 986 dominorum
675 918 798 986 Pribim
830 921 970 1004 Bosani,
996 925 1030 984 et
1053 919 1233 987 Bererislai

114 1025 266 1092 iudicum
285 1025 421 1095 consilii
437 1033 470 1092 et
487 1028 673 1095 Communis
690 1027 843 1096 Civitatis
869 1027 1107 1096 Scardonensis
1124 1026 1168 1095 ad
1184 1028 1231 1094 in·

115 1131 292 1218 trascripta
308 1133 499 1217 specialiter
508 1135 712 1221 constitutus,
729 1141 764 1200 ut
780 1138 963 1204 continetur
973 1135 1007 1200 in
1018 1135 1232 1202 instrumento

113 1243 191 1310 dieti
217 1242 412 1329 syndioatus
437 1243 524 1312 facto
541 1262 629 1312 anno
645 1243 820 1310 Domiuiee
836 1244 1031 1313 Natiuitatis
1055 1243 1229 1311 millesimo

114 1349 340 1419 ducentesimo
356 1351 572 1436 nonagesimo
589 1359 716 1442 quarto,
734 1353 924 1422 Iudiceione
941 1356 1022 1433 vll,
1040 1353 1094 1420 die
1105 1353 1228 1423 XXIX.

114 1459 248 1545 Maeui,
267 1467 300 1526 et
315 1460 393 1543 quia
408 1459 545 1528 Notario
563 1463 729 1545 carebant,
755 1466 826 1526 erat
843 1459 964 1529 dietum
982 1462 1229 1528 instrumentum

112 1569 304 1655 syndicatus
321 1588 394 1636 cum
411 1569 553 1651 quodam
579 1569 690 1656 sigillo
708 1569 786 1638 dicti
805 1571 995 1638 Communis
1022 1567 1229 1640 scardonen-

111 1679 155 1744 sis
172 1695 268 1744 cereo
285 1678 442 1763 pendenti
457 1677 667 1762 roboratum,
684 1679 769 1762 quod
786 1678 919 1762 quidem
934 1679 1081 1762 sigillum
1097 1685 1167 1747 erat
1182 1697 1231 1744 ro·

111 1784 259 1868 tundum,
278 1786 448 1870 integrum,
466 1804 530 1851 non
542 1786 683 1854 fractum
699 1787 752 1852 vel
767 1786 802 1852 in
818 1786 869 1853 sui
889 1794 982 1871 parte
999 1789 1111 1872 aliqua
1129 1786 1228 1855 vicia·

110 1899 199 1978 tum,
215 1895 249 1960 in
277 1913 339 1977 quo
357 1893 488 1978 quidem
503 1894 613 1979 sigillo
630 1902 702 1963 erat
726 1896 851 1980 scripta
877 1895 986 1981 imago
1007 1899 1110 1963 Beate
1126 1895 1229 1962 Maria

111 2003 259 2090 Virginis
276 2002 422 2073 sedentis
432 2053 441 2087 ,
471 2010 503 2069 et
520 2005 564 2069 ad
580 2005 749 2072 sinistrum
764 2005 851 2072 latus
877 2005 951 2089 ejus
968 2004 1109 2071 tenentis
1125 2003 1228 2071 filium

106 2131 199 2179 snum
217 2112 251 2178 in
268 2111 393 2198 gremio
403 2117 435 2176 et
444 2111 593 2197 brachio,
603 2119 636 2179 et
646 2114 754 2180 littere
765 2111 975 2181 circumcirca
986 2112 1031 2178 ad
1042 2111 1162 2180 dictum
1180 2111 1223 2180 si·

109 2222 226 2303 gillum
242 2221 371 2306 sculpta
387 2219 436 2288 sic
451 2220 597 2290 dicentes
614 2245 622 2286 ε
644 2221 695 2305 „S.
713 2221 899 2288 Communis
916 2216 1190 2298 Scardoueusis“,
1207 2241 1229 2288 s

108 2351 162 2397 me
180 2331 323 2398 Antonio
340 2329 459 2397 Judice
482 2340 517 2406 et
535 2330 671 2398 Notario
688 2329 900 2415 infrascripto
925 2331 999 2398 riso
1017 2338 1049 2396 et
1065 2329 1151 2398 lecto
1167 2349 1230 2396 no·

107 2441 199 2508 mine
215 2445 249 2504 et
264 2440 337 2508 vioe
352 2439 516 2507 dictorum
530 2438 702 2524 Jndicum,
727 2438 866 2508 consilli
883 2444 917 2505 et
933 2435 1119 2505 communis
1135 2437 1229 2505 Scar·

107 2551 286 2633 dunensis,
305 2556 336 2617 et
352 2568 411 2633 pro
428 2550 512 2634 ipsis
536 2549 688 2616 omnibus
712 2546 921 2634 fidejubendo
949 2559 981 2614 et
1001 2568 1038 2615 se
1055 2565 1113 2633 pro
1141 2546 1229 2614 dictu

107 2659 237 2727 Gemite
254 2657 406 2740 Georgia,
423 2662 459 2723 ut
475 2676 576 2743 supra
592 2658 712 2725 dictum
730 2666 791 2742 est,
803 2657 1030 2742 principaliter
1050 2654 1230 2741 obligando
1272 2697 1274 2703 ι

107 2769 142 2834 in
156 2766 252 2835 libris
266 2775 299 2834 et
314 2785 372 2851 pro
388 2765 482 2833 libris
499 2765 591 2832 mille
607 2765 795 2852 quingentis
807 2763 1017 2831 denariorum
1033 2765 1229 2832 Venetorum

106 2896 288 2962 parvorum
306 2901 313 2942 :
331 2874 500 2962 Solempni
526 2861 989 2960 stipulacione‘promiserunt
1016 2871 1153 2956 quilibet
1178 2891 1231 2940 eo·

106 3005 182 3054 rum
198 3003 235 3051 se
260 2982 458 3069 obligando,
485 2989 519 3049 ut
535 2982 657 3052 dictum
673 2990 743 3068 est,
771 3002 806 3048 se
823 2983 967 3050 tacturos
992 2987 1027 3049 et
1051 2985 1231 3066 curaturos,

105 3097 200 3165 omni
216 3094 413 3179 excepcione
440 3100 472 3158 et
489 3093 662 3162 occasione
678 3092 831 3179 remotis,
858 3093 946 3175 quod
962 3092 1067 3160 dicus
1082 3089 1230 3158 dominus

105 3204 276 3289 Georgius
292 3204 409 3271 (lomes
419 3201 644 3270 Berberiensis
661 3210 729 3269 tam
745 3221 804 3270 suo
820 3201 961 3283 nomine,
979 3209 1011 3267 et
1027 3218 1157 3269 suorum
1172 3197 1229 3265 lno-

104 3315 254 3395 minum,
283 3332 381 3396 quam
396 3309 563 3379 hominum
587 3317 620 3377 et
636 3311 822 3379 communis
837 3309 968 3380 Almisii
988 3310 1082 3378 firma
1097 3314 1130 3375 et
1156 3315 1230 3377 rats

103 3422 247 3491 babebit
264 3433 295 3490 et
312 3422 447 3505 tenebit,
466 3421 656 3490 observabit
672 3421 908 3504 etadimplebit
922 3421 1033 3489 omnia
1050 3424 1084 3486 et
1098 3418 1229 3506 singula

103 3540 211 3620 pacta
227 3537 261 3597 et
277 3530 535 3615 conventiones,
551 3531 643 3596 faeta
652 3579 660 3612 ,
688 3527 770 3595 inita
786 3534 820 3595 et
834 3526 963 3596 firmata
983 3528 1026 3596 de
1042 3537 1182 3614 treugua
1196 3535 1229 3595 et

103 3660 209 3729 super
225 3650 363 3726 treugua
379 3639 511 3706 Almisii
527 3658 587 3724 per
610 3640 717 3726 ipsum
736 3636 896 3706 comitem
914 3637 1102 3723 Georgium,
1119 3643 1156 3704 ut
1173 3656 1229 3705 su·

104 3770 171 3837 pra
187 3751 397 3836 dictumest,
424 3767 496 3814 cum
518 3747 662 3832 Egregie
688 3747 759 3815 viro
786 3745 929 3833 Rogerio
955 3747 1152 3814 Maureeeno
1168 3746 1229 3814 Ja-

104 3860 223 3928 drensi
233 3858 358 3926 Comite
374 3857 549 3943 recipienti
566 3862 599 3922 et
613 3854 786 3941 stipulanti
804 3855 877 3921 rice
894 3862 928 3922 et
943 3854 1074 3922 nomine
1089 3854 1228 3922 illustris

104 3968 235 4040 domini
250 3967 351 4034 Ducis
370 3965 609 4049 veneciarum,
637 3964 821 4041 Communis
840 3969 874 4031 et
893 3963 1059 4030 hominurn
1075 3962 1229 4032 Civitatis

104 4075 280 4164 ejusdem,
297 4094 358 4146 nec
375 4095 440 4140 non
459 4082 492 4142 et
507 4074 727 4144 habitatorum
737 4127 747 4161 ,
763 4073 931 4159 fidelium,
957 4071 1178 4159 subjectorum
1195 4077 1229 4140 et

103 4185 516 4254 districtualiumsuorum
542 4186 686 4268 scriptas
702 4190 734 4249 et
759 4182 883 4268 scripta
899 4201 958 4267 per
973 4198 1027 4246 me
1050 4179 1229 4249 Automum

105 4294 278 4380 quondam
290 4293 495 4377 Rolanduzii,
513 4292 681 4377 imperiali
693 4300 725 4358 et
741 4291 940 4377 prefectoria
957 4289 1157 4358 auctoritate
1172 4289 1227 4356 Ju-

103 4403 218 4472 dicem
235 4410 267 4466 et
291 4403 484 4481 Notarium,
510 4422 597 4469 anno
614 4408 647 4468 et
669 4399 851 4466 indiccione
867 4399 1032 4484 predictis,
1050 4399 1102 4466 die
1118 4399 1228 4466 Domi·

105 4512 185 4582 niso
202 4509 358 4579 XXVHI.
382 4510 509 4593 Marcii,
527 4519 559 4578 et
585 4509 709 4578 eisdem
735 4509 883 4595 syndieis
910 4515 943 4576 et
965 4507 1230 4595 procuratoribus

30 4685 33 4690 .
104 4620 238 4692 seriose
262 4621 472 4707 singulariter
497 4627 529 4686 et
544 4618 796 4703 intelligibiliter
819 4637 926 4687 eoram
950 4616 1168 4704 infrascriptis
1182 4623 1228 4683 te-

105 4728 216 4800 stibus
231 4749 291 4816 per
307 4747 359 4796 me
369 4727 443 4814 jam
472 4727 594 4793 dietum
609 4726 778 4794 Notarium
804 4727 893 4792 lectu
908 4733 941 4793 et
967 4726 1082 4868 lectas.
1106 4725 1147 4792 Et
1162 4744 1227 4792 non

1023 4834 1044 4900 8
