3262 5242
134 1384 233 1449 Jonor
247 1388 397 1474 possonpi
412 1387 602 1477 vdrjobbdpy
613 1414 633 1454 a
649 1393 826 1480 kirdlylyal
835 1393 944 1461 Altera
954 1402 1109 1466 auaztrim‘
1124 1403 1248 1492 heroaep

133 1490 210 1555 ellare
226 1493 317 1559 silton
332 1494 495 1580 szdllodo,
519 1509 606 1560 orosa
622 1497 694 1563 elstt
709 1523 730 1562 a
754 1513 954 1588 mspoevezett
979 1510 1075 1571 tantalo
1091 1511 1249 1595 jelenlsts'-

131 1597 185 1663 beo
209 1599 366 1686 bsoallja,
401 1602 482 1689 hoqy
510 1603 615 1668 Ttlrrse
645 1606 781 1672 birtoltdt
807 1631 827 1672 a
849 1614 1003 1697 pozsonys'
1022 1615 1247 1703 fsepyltdzoak

131 1707 374 1795 adomdrryozza.
400 1709 544 1776 Atauuk
569 1713 757 1780 vallomontis
772 1715 916 1782 lriteleeeu
942 1720 1057 1807 ltiodja
1080 1745 1119 1788 az
1143 1737 1248 1792 eszter·

495 1822 578 1906 pomi
595 1822 757 1908 lodptalaa.
782 1826 880 1890 1291.

525 2095 563 2161 A.
638 2095 710 2167 ,B.
818 2093 855 2162 0.

237 2323 407 2398 Uniuersis
423 2333 596 2414 presentes
623 2328 750 2396 litteras
765 2329 965 2417 iuspeoturis
982 2331 1169 2418 Capitulum
1188 2337 1249 2406 Ee·

132 2436 234 2504 olesie
249 2435 483 2522 strigoniensis
494 2439 633 2506 salutem
649 2437 683 2504 in
698 2438 837 2507 Domino
853 2440 1092 2525 sempiternam.
1110 2444 1250 2512 Vniuer-

131 2565 239 2614 sorum
265 2546 387 2614 uotioie
410 2553 524 2615 tenore
547 2549 751 2633 presencium
769 2546 1009 2633 significemus,
1042 2551 1129 2618 viros
1154 2571 1251 2622 vene·

129 2655 253 2722 rabiles
269 2662 303 2722 et
317 2654 497 2730 discretos,
522 2654 671 2723 dominos
688 2661 721 2722 et
736 2656 913 2741 magistros
939 2657 1075 2724 Paulum
1093 2659 1251 2730 videlieet

129 2764 335 2850 Propositum
351 2764 621 2852 strigoniensem,
638 2768 761 2850 Legum
777 2766 957 2848 Dootorem
973 2774 1007 2834 et
1023 2769 1248 2838 Amministra-

129 2880 234 2940 torem
249 2875 631 2958 Quinqueeeolesieusem
656 2875 690 2940 in
707 2873 931 2958 spiritualibus
957 2883 991 2944 et
1015 2879 1249 2965 temporalibus

128 2986 338 3072 generalem,
362 2985 522 3054 Jaoobnm
539 2983 856 3058 Cumarumieusem‚
883 2991 916 3049 et
931 2984 1124 3056 Lsdiulaum
1139 2988 1248 3056 Borsi-

127 3117 253 3182 ensem,
270 3103 303 3162 et
318 3095 480 3165 Andrean
497 3114 537 3162 ao
553 3095 779 3176 Laurentium,
795 3093 990 3164 karissimos
1005 3097 1113 3166 sooios
1129 3103 1161 3164 et
1176 3117 1248 3165 oon·

128 3205 308 3276 oenonioos
335 3209 465 3270 nostros
490 3202 525 3268 in
540 3202 647 3270 medio
671 3201 776 3270 nostri
801 3203 1019 3287 personaliter
1044 3206 1246 3291 constitutos,

127 3315 296 3384 Andream
314 3312 456 3380 nobilem
473 3310 514 3376 de
539 3311 636 3396 Ayks
652 3311 836 3380 Palatinum
855 3309 954 3378 Curis
976 3313 1176 3382 venerabilis
1192 3335 1249 3400 pa·

127 3425 198 3508 tris,
216 3421 342 3491 domiui
357 3419 461 3486 nostri
486 3417 608 3488 domini
623 3419 807 3506 Lodomerij
824 3419 1059 3505 strigoniensis
1075 3420 1248 3506 Arohiepi-

128 3531 242 3618 soopi,
259 3529 464 3618 Myohaelem
491 3527 533 3596 de
549 3526 697 3594 lleuohel
718 3527 910 3612 magistrum
926 3526 1165 3613 permissorum,
1190 3531 1249 3598 (io

128 3645 236 3708 mitem
255 3637 456 3722 Stephanum
471 3635 572 3704 filium
588 3636 724 3720 Fuluus,
742 3637 880 3704 Lukaoh
890 3639 1043 3724 Paruum,
1053 3638 1247 3721 magistrum

128 3749 271 3835 septas,
288 3745 446 3816 Comitem
461 3744 652 3813 Ladiuleum
668 3743 768 3812 filium
780 3745 904 3830 Soloe,
920 3745 1117 3814 Zoerardum
1135 3745 1177 3812 de
1195 3767 1247 3814 oa·

127 3857 206 3926 lirlis
223 3856 338 3942 aquis,
362 3855 532 3924 Albertum
551 3852 655 3920 oiuem
672 3853 941 3938 strigoniensem,
968 3854 1147 3922 seruientes
1164 3855 1247 3922 eins·

127 3965 205 4036 dem
220 3964 344 4034 domiui
360 3963 464 4034 nostri
479 3961 740 4047 Arohiepiseopi,
756 3981 861 4048 nuper
878 3965 919 4032 de
930 3964 1074 4030 exereitu
1090 3963 1195 4050 Regio
1206 3965 1248 4032 de

126 4073 312 4144 Theotonia
327 4078 526 4144 reuertentes
550 4072 762 4157 proposuisse
786 4072 848 4140 heo
864 4073 977 4142 omnia
1002 4079 1035 4140 et
1053 4071 1182 4157 singula
1198 4072 1246 4138 in·

128 4184 307 4270 fresoripts
337 4185 470 4254 oreeulo
494 4182 570 4250 siue
595 4181 686 4250 uoois
711 4204 719 4246 :
759 4181 852 4260 Quod
877 4200 948 4249 oum
974 4181 1041 4266 ipsi
1065 4181 1248 4264 nuperrime

128 4313 268 4366 vueoum
285 4289 399 4359 eodem
415 4292 547 4359 domino
575 4295 686 4356 nostro
704 4291 960 4374 Aroltiepisoopo
985 4289 1200 4371 strigoniensi
1217 4295 1260 4354 et'

128 4403 254 4472 Gemite
270 4407 425 4488 perpetuo
452 4400 517 4466 looi
542 4398 687 4466 eiusdem
704 4398 736 4462 iu
754 4398 896 4466 exercitu
921 4397 1062 4465 lllustris
1088 4397 1249 4484 Principis

127 4509 250 4580 domini
266 4507 398 4578 Andros
411 4508 518 4593 tercii,
534 4507 640 4576 Iuoliti
657 4507 757 4592 Regis
769 4503 938 4590 Huugarie
954 4525 1013 4593 per
1024 4506 1087 4573 Dei
1102 4505 1248 4592 graciam

127 4636 214 4686 nuno
238 4591 428 4703 reginensis,
456 4622 567 4686 eontra
583 4611 748 4682 dorrtinum
775 4614 942 4683 Albertum
968 4615 1091 4682 Ducem
1118 4615 1247 4680 Austris
1287 4677 1293 4688 ,

1038 4801 1129 4914 4*Ι
