3188 5238
600 996 656 1064 45.

79 1229 185 1316 Nyo'lcp
204 1229 342 1314 Miletos,
381 1231 471 1296 Voces
496 1233 590 1296 Pe‘tcr
615 1235 646 1296 os
661 1234 763 1317 tipo,
781 1234 960 1298 Domesticos
966 1237 1032 1319 fici
1041 1286 1049 1319 ,
1075 1239 1189 1325 Polcoy

83 1339 189 1402 Tamus
206 1336 255 1421 (i)
281 1342 312 1404 e¹s
328 1339 410 1404 de
425 1341 543 1406 Miletos
558 1345 814 1427 poasouymepyci
837 1342 975 1406 corrue-sak
994 1367 1014 1404 a
1035 1349 1188 1431 poasortyi

75 1446 220 1533 triptotam
236 1449 354 1512 re'sac'ra
382 1449 589 1513 lomondonalc
620 1450 723 1512 Tr‘r'rac
742 1449 867 1534 rndske'p
894 1448 1107 1534 Csukcirfoloa
1122 1453 1184 1517 tir-

215 1553 339 1619 tolcltozi
354 1557 520 1641 joqoilcrol
537 1579 558 1619 a
567 1558 657 1643 9ῃὸνί
672 1557 826 1644 lcclptolao
841 1556 921 1624 aloru.
945 1559 1043 1623 1292.

168 1787 240 1852 Nos
266 1783 450 1872 Capitulum
477 1787 626 1856 Ecclesic
656 1787 839 1856 leunensis
866 1787 1086 1870 significamus
1116 1793 1184 1859 vni·

70 1893 177 1980 uersis,
194 1895 316 1980 quibus
333 1894 468 1980 expedit
488 1895 695 1979 presencium
711 1915 770 1980 per
787 1904 942 1978 tenorem,
961 1898 1047 1979 quod
1065 1903 1183 1968 consti-

70 2007 140 2072 tutis
155 2005 188 2070 in
205 1989 312 2073 nostri
327 2023 500 2088 presencia
516 2004 653 2072 Nicolao
671 2004 738 2070 filio
754 2006 893 2073 Iwanka
909 2004 950 2074 de
966 2005 1072 2090 Neek,
1089 2009 1183 2076 Petro

70 2113 155 2198 Rufo,
172 2111 583 2198 LepoldofilijsDominioi
601 2117 633 2180 et
649 2111 776 2179 Choma
793 2109 862 2200 (lgy
875 2114 1042 2198 josormin
1053 2113 1181 2183 Thoma

69 2220 201 2308 helyett)
222 2222 264 2289 de
279 2221 385 2306 Paka,
402 2241 444 2288 ao
469 2219 606 2289 Nicolao
623 2221 712 2288 dioto
728 2223 818 2301 Bud,
843 2223 1005 2289 nobilibus
1021 2222 1062 2288 de
1079 2225 1183 2293 (lomi-

68 2338 134 2398 tatu
160 2331 373 2400 Posoniensis
399 2351 439 2397 ex
465 2350 531 2396 vna
546 2337 660 2417 parte,
687 2338 720 2396 et
738 2331 904 2414 magistris
924 2334 1104 2400 Lauroncio
1122 2333 1181 2400 Cu·

67 2441 150 2506 stode
182 2441 332 2507 Ecclesie
357 2437 570 2508 Posoniensis
595 2457 634 2504 ac
666 2439 800 2508 Andros
825 2442 973 2524 Notario,
1007 2443 1180 2510 (lenonicia

66 2547 206 2617 ciusdem
231 2547 383 2616 Ecclesie
407 2545 616 2617 Posoniensis
640 2548 770 2615 nominc
796 2560 829 2616 ct
862 2551 934 2616 vice
956 2550 1119 2636 Propositi
1142 2574 1182 2621 ac

66 2656 204 2742 Capituli
220 2659 369 2726 Ecclesia
391 2659 604 2746 ⁴Posoniensis
621 2679 662 2726 ex
677 2667 776 2745 parte
792 2662 918 2736 altera,
934 2661 1034 2748 ijdem
1050 2663 1177 2731 nobiles

65 2768 192 2835 oraculo
210 2766 287 2834 vine
302 2769 394 2835 uocis
406 2786 514 2837 coram
525 2769 620 2837 nobis
635 2776 711 2836 sunt
729 2772 883 2854 confessi,
900 2772 1082 2854 quodlicet
1098 2775 1182 2841 inter

64 2877 158 2960 ipsos,
180 2883 213 2943 et
230 2877 437 2965 Propositum
463 2897 503 2943 ac
520 2879 707 2962 Capitulum
724 2886 923 2946 memoratos
940 2899 1038 2968 super
1052 2899 1182 2966 posscs-

64 2986 150 3052 sione
179 2987 299 3080 Turne
326 3005 383 3052 scu
404 2984 631 3054 chukarfaruu
658 2993 866 3074 nuncupata,
893 2989 1043 3058 Ecclesie
1067 2990 1182 3058 Sancti

66 3095 248 3165 Seluutoris
275 3093 316 3160 de
332 3094 439 3160 Poson
463 3115 523 3180 per
538 3095 723 3164 iohannem
746 3095 844 3163 filium
861 3097 949 3163 Petri
965 3098 997 3162 in
1013 3095 1083 3174 vita
1099 3102 1132 3161 et
1147 3097 1181 3166 in

65 3207 163 3269 morte
179 3202 310 3270 collata
325 3202 501 3270 altercacio
521 3203 661 3288 quedam
679 3209 711 3272 et
726 3203 829 3270 uerba
847 3204 1099 3286 meminissent,
1116 3204 1180 3290 ipsi

62 3317 165 3378 tamen
185 3318 323 3400 propter
339 3311 459 3378 bonum
482 3311 576 3396 pacis
604 3318 638 3378 et
663 3311 790 3378 iusticie
810 3333 850 3378 ac
866 3312 1065 3396 premiorum
1081 3310 1179 3380 intui-

62 3425 126 3486 tum
143 3428 343 3508 eternorum,
360 3419 449 3488 omni
464 3420 688 3506 altercacioni,
706 3420 936 3500 controuersie,
955 3418 1005 3485 liti
1017 3425 1050 3486 et
1060 3419 1132 3505 iuri,
1150 3421 1179 3487 si

63 3547 120 3612 que
138 3528 225 3596 forte
238 3529 285 3594 eis
295 3529 328 3596 in
337 3527 412 3613 ipsa
420 3529 632 3614 possessione
648 3529 767 3594 Turne
783 3528 952 3595 nominata
969 3545 1010 3593 ex
1026 3545 1075 3609 eo,
1093 3527 1179 3610 quod

61 3637 119 3719 ipsi
135 3635 179 3704 de
190 3637 411 3722 generacione
427 3636 592 3720 quondam
609 3636 743 3704 Comitis
761 3635 903 3720 Chukar‚
921 3636 975 3702 aui
990 3634 1111 3720 prefati
1122 3636 1177 3704 Jo-

61 3743 175 3822 hannis
203 3749 333 3828 essent,
361 3750 580 3828 competeret,
597 3744 726 3812 nomine
743 3763 825 3827 suo,
851 3749 885 3810 et
900 3742 1030 3810 nomine
1051 3761 1091 3808 ac
1106 3742 1178 3809 vioe

60 3855 197 3920 omnium
216 3851 351 3918 fratrum
377 3859 409 3920 et
434 3864 646 3936 cognatorum
662 3872 791 3920 suorum
817 3852 995 3920 cessissent
1011 3856 1044 3917 et
1060 3869 1175 3918 renun-

60 3961 220 4046 ciassent,
256 3966 289 4028 et
315 3960 401 4043 quod
426 3960 603 4046 predictam
630 3961 813 4030 Ecclesiam
842 3958 957 4028 Sancti
982 3958 1175 4043 saluatoris,

59 4071 183 4140 eteius
210 4069 413 4156 Propositum
452 4091 493 4138 ao
523 4070 706 4156 Capitulum
731 4070 894 4155 prefatam
928 4067 1173 4153 possessionem

59 4179 196 4266 Turne,
214 4198 274 4246 seu
289 4177 512 4248 Chukarfalua
536 4179 659 4246 dictam
675 4181 797 4259 tencre,
814 4176 936 4243 habere
953 4181 985 4240 et
1000 4174 1173 4262 possidere

59 4288 272 4374 reliquissent
286 4287 422 4375 pacifice
438 4294 470 4354 et
495 4285 706 4354 dimisissent.
724 4285 761 4350 In
779 4285 870 4350 euius
890 4284 937 4350 rei
954 4281 1176 4350 testimonium

59 4404 90 4464 et
104 4395 292 4464 firmitatem
316 4401 489 4481 presentes
514 4395 557 4462 ad
582 4393 777 4479 peticionem
803 4399 1011 4478 utrarumque
1027 4394 1176 4478 parcium

56 4504 278 4592 predictarum
289 4512 398 4571 nostro
415 4505 549 4574 fecimus
567 4505 675 4592 sigillo
693 4502 882 4570 communiri
898 4508 932 4568 et
948 4500 1072 4568 eisdem
1088 4501 1175 4568 Lau·

57 4614 165 4682 reneio
182 4611 319 4683 Custodi
337 4619 369 4680 et
384 4614 541 4699 magistro
557 4611 687 4680 Andree
702 4610 877 4697 assignari.
894 4610 1013 4678 Datum
1029 4609 1173 4680 secundo
