3188 5238
637 959 691 1025 67.

107 1153 168 1214 Pul
183 1157 423 1239 eomoqymcpyci
447 1156 549 1220 altero
560 1155 701 1220 Hormou
715 1157 944 1240 paciscebatur·
968 1158 1111 1242 updtuuk
1130 1155 1221 1221 Kato

421 1268 500 1326 nevil
509 1263 616 1348 Jtrldct
629 1265 769 1331 oduitctr'.
787 1265 885 1329 1294.

205 1459 275 1527 Nos
286 1458 402 1526 (lomes
415 1461 535 1529 Paulus
547 1461 746 1529 vine-Judex
757 1462 907 1547 magistri
927 1462 1058 1530 Iwanoe
1069 1462 1165 1530 Ourie
1176 1459 1221 1546 (l)

102 1565 234 1634 Comitis
261 1568 497 1654 Symigiensis‚
523 1571 673 1635 memorie
700 1571 965 1635 commendantes
997 1571 1220 1657 significamus

102 1675 261 1743 uniuersis
278 1677 397 1758 quibus
413 1678 546 1761 expedit
563 1682 768 1763 presencium
785 1698 845 1762 per
861 1684 1023 1743 tenorem:
1041 1677 1127 1762 qnod
1143 1679 1221 1760 quia

102 1781 212 1850 Ourues
229 1787 398 1853 lohannes
417 1785 459 1851 de
476 1787 623 1872 Egyude,
638 1791 670 1853 et
685 1787 802 1852 Iharns
829 1786 931 1852 trater
953 1787 1033 1869 cius,
1051 1786 1218 1853 medianti-

101 1892 156 1958 bus
172 1894 288 1961 litteris
313 1894 458 1961 ciusdem
477 1897 626 1980 magistri
654 1900 784 1963 lwauce
801 1895 887 1961 diem
912 1915 1011 1964 vnum
1029 1913 1215 1980 assumpse-

101 2008 179 2084 rant,
196 2009 233 2066 ut
250 2003 282 2068 iu
299 2004 435 2068 termino
447 2005 619 2088 assignato
638 2007 767 2072 litteras
785 2026 842 2070 seu
858 2006 1074 2072 instrumenta
1090 2025 1150 2073 sua
1166 2023 1218 2070 sn·

100 2129 154 2193 per
167 2111 258 2177 facto
275 2118 359 2178 terre
376 2111 465 2177 tlara
483 2113 643 2195 confecta,
662 2114 813 2196 impedite
829 2133 888 2198 per
908 2115 1010 2179 virum
1029 2113 1217 2196 religiosum

100 2219 229 2285 tarem
240 2219 459 2287 Hermauuum
472 2222 635 2288 Abbatem
647 2223 760 2288 Sancti
778 2221 911 2289 Martini
929 2223 970 2288 de
987 2224 1090 2288 Sacro
1106 2223 1217 2290 Monte

100 2329 274 2412 Pannonio,
291 2336 323 2393 et
339 2328 488 2394 similiter
514 2328 605 2394 idem·
624 2330 730 2396 dictus
744 2329 857 2394 libbas
884 2329 1012 2395 litteras
1042 2335 1074 2395 et
1100 2331 1218 2395 instru-

99 2443 205 2503 menta
232 2456 292 2502 sna
309 2456 407 2521 super
432 2437 520 2504 iactu
548 2436 694 2505 eiusdem
721 2444 807 2503 terre
823 2439 914 2504 Kara
931 2441 1085 2503 emanata
1102 2447 1217 2504 contra

100 2544 228 2612 eosdem
245 2545 401 2612 exhibere
412 2563 523 2611 coram
539 2547 634 2614 uobis
652 2547 831 2628 debuisset,
850 2549 989 2632 ipsoque
1009 2547 1148 2615 termino
1165 2567 1217 2612 as-

98 2655 231 2740 signato
248 2654 394 2738 prelatus
415 2654 530 2721 (lomes
546 2656 714 2722 Jobanucs
730 2655 820 2722 veuit
837 2662 870 2721 et
886 2655 1033 2721 exhibuit
1053 2677 1114 2740 pro
1130 2675 1166 2720 se
1186 2664 1218 2722 et

97 2783 153 2849 pro
177 2764 278 2829 Ihuro
307 2763 407 2829 fratre
434 2783 493 2830 suo
525 2764 685 2847 quasdam
710 2765 838 2829 litteras
864 2783 928 2828 nou
955 2764 1102 2849 predicte
1133 2771 1218 2829 terre

100 2871 189 2936 Kara
206 2871 432 2953 nominantes,
450 2871 568 2955 quibus
585 2871 739 2957 perlectis
756 2869 828 2955 ipse
843 2872 961 2939 (lomes
977 2869 1153 2938 lohannes
1170 2871 1217 2937 di-

98 2981 161 3059 xit,
190 2980 280 3062 quod
305 2980 494 3066 ignoranter
511 2999 619 3048 secum
638 2981 720 3046 alias
744 2981 873 3048 litteras
890 2981 968 3047 illuc
993 2987 1215 3065 apportasset,

97 3087 300 3172 postmodum
325 3089 447 3156 ibidem
474 3091 651 3173 assumpsit
677 3090 901 3172 voluntatem,
927 3097 961 3157 vt
981 3087 1121 3153 sabatho
1141 3109 1216 3154 veu-

94 3204 163 3262 turo
179 3196 216 3262 in
232 3206 348 3263 octauo
365 3197 420 3264 die
430 3196 570 3282 predicti
585 3198 714 3263 termini
740 3199 866 3266 litteras
883 3206 915 3262 et
942 3196 1149 3279 priuilegium
1170 3197 1216 3262 fa-

96 3311 178 3372 ctum
189 3303 338 3390 predicte
348 3313 436 3373 terre
448 3307 539 3375 Kara
556 3305 763 3373 continencia
779 3304 958 3372 exhiberet.
974 3306 1043 3372 Nos
1058 3324 1135 3372 vero
1151 3322 1216 3369 una

96 3433 164 3479 eum
181 3414 340 3499 magistro
367 3417 541 3482 Valentino
558 3422 591 3482 et
608 3415 683 3484 aliis
700 3415 861 3482 nobilibus
887 3416 918 3478 in
937 3416 1009 3481 loco
1023 3413 1141 3497 judieii
1157 3435 1213 3481 uo·

96 3521 221 3588 biscum
247 3523 470 3590 assidentibus
488 3521 703 3599 decreuimus
723 3522 806 3588 utin
833 3523 905 3605 ipso
923 3527 1040 3589 octauo
1066 3521 1119 3586 die
1136 3527 1215 3586 autc

96 3628 334 3698 exhibiciouem
350 3609 530 3697 litterarum
547 3649 680 3696 suarum
699 3629 833 3696 deberet
848 3629 928 3696 dare
945 3649 1040 3695 unum
1058 3628 1213 3694 indicium

96 3757 152 3821 pro
169 3757 216 3823 se,
235 3747 268 3804 et
284 3739 376 3805 alind
391 3760 451 3824 pro
468 3739 584 3807 liranus
601 3741 702 3805 fratre
715 3757 774 3806 suo
792 3746 976 3822 prenotato,
994 3758 1053 3823 pro
1071 3757 1119 3811 eo,
1137 3737 1215 3818 quia

96 3846 127 3910 in
143 3849 251 3928 primo
277 3838 597 3934 termino'assumpto
622 3850 750 3914 litteras
767 3856 799 3912 et
824 3849 1042 3914 instrumenta
1067 3865 1127 3913 sua
1143 3865 1214 3933 pre-

95 3955 195 4022 missa
221 3955 375 4024 exhibere
398 3979 462 4026 uon
488 3959 613 4045 potuit,
639 3964 737 4041 prout
759 3957 908 4041 superius
934 3962 983 4020 est
1015 3973 1213 4038 expressum.

94 4067 234 4152 Ipsoque
259 4085 337 4148 ergo
354 4063 492 4132 termino
510 4065 704 4134 adueniente
720 4066 888 4148 prediatus
905 4062 1021 4128 Comes
1046 4061 1214 4128 Johannes

92 4175 309 4260 personaliter
321 4193 381 4258 pro
396 4193 433 4239 se
443 4179 477 4240 et
492 4194 551 4259 pro
567 4174 680 4240 eodem
696 4174 812 4241 Iharus
824 4170 1053 4255 comparendo‚
1066 4171 1211 4255 predicto

94 4283 224 4350 domiuo
235 4282 363 4348 Abbate
374 4281 591 4368 personaliter
602 4281 755 4348 adstante
766 4281 914 4347 exhibuit
924 4278 1084 4362 quasdam
1096 4284 1210 4364 paten-

94 4397 141 4458 tes
164 4391 306 4474 littcras,
322 4396 355 4456 et
376 4411 473 4458 vnum
499 4391 703 4477 priuilegium
728 4399 871 4456 tenorem
899 4386 1075 4456 earundem
1101 4393 1211 4471 paten-

94 4500 176 4565 cium
201 4501 382 4566 litterarum
399 4501 569 4568 continens
596 4500 719 4568 domini
744 4496 892 4564 Ladiulei
917 4496 1083 4579 qnondam
1110 4495 1211 4578 Regis

95 4595 274 4693 Hungarie.
292 4608 416 4688 Quibus
441 4609 524 4678 uisis
540 4615 572 4674 et
587 4607 741 4696 perlectis
757 4606 841 4673 iuter
858 4612 968 4674 cetera
983 4603 1121 4673 vidimus
1138 4619 1210 4668 con-
