3262 5242
578 353 738 458 ...3³-

93 546 218 615 uubem
234 549 355 617 erroris
372 551 527 636 eliminat,
544 541 716 621 commoda
732 553 848 622 salutis
865 555 1034 640 impendit,
1052 562 1085 622 et
1102 563 1215 624 eterno

92 656 163 722 rite
181 660 307 745 gaudia
323 658 389 728 suis
400 663 615 730 sectatoribus
633 664 842 749 repromittit.
858 665 927 733 Hac
939 663 1060 752 quippe
1078 663 1156 731 alibi
1173 661 1217 732 ad

93 767 240 834 salutern
255 769 370 836 haberi
386 791 450 838 non
467 777 594 857 potest,
622 791 717 854 quarn
737 774 773 840 in
789 775 1013 842 communione
1037 773 1141 858 ipsius
1158 771 1216 839 Sa·

94 883 273 944 crosancte
289 878 436 976 Romane
453 881 605 946 Ecclesia
615 931 623 964 ,
641 901 703 964 que
719 880 850 948 Divinis
867 888 900 945 et
923 881 1122 966 Apostolicis
1139 901 1216 947 ora·
1270 933 1274 945 .

92 985 180 1050 culis
198 987 360 1054 universis
377 987 537 1056 Ecclesiis
548 997 599 1056 est
614 992 753 1073 prelata,
771 997 803 1056 et
814 1009 912 1076 super
929 1009 1042 1056 omnes
1059 1009 1216 1057 summum

93 1101 127 1160 et
143 1096 339 1180 precipuum
355 1095 481 1182 optinet
495 1101 725 1184 principatum.
752 1100 838 1178 Quia
854 1119 931 1166 vero
949 1120 1001 1183 ea,
1018 1119 1081 1183 que
1100 1101 1216 1166 salutis

92 1210 149 1270 tue
168 1225 211 1270 ao
226 1205 351 1290 populi,
370 1207 421 1273 cui
438 1227 553 1294 praes,
580 1208 818 1275 incrementum
834 1208 1035 1297 respiciunt,
1052 1209 1141 1275 notis
1157 1206 1216 1272 de-

93 1309 233 1377 sideriis
250 1313 461 1400 affectamus,
488 1316 726 1384 fraternitatem
744 1326 834 1384 tuam
859 1317 1041 1404 rogandam
1068 1316 1217 1382 duximus

92 1427 126 1485 et
143 1420 181 1487 in
198 1420 320 1488 christi
337 1423 517 1492 visceribus
544 1425 792 1512 exhortandam,
818 1436 978 1508 quatenus
995 1423 1092 1491 fidem
1108 1424 1218 1492 huius·

92 1529 199 1617 modi,
219 1544 317 1614 quarn
326 1582 335 1616 ,
365 1535 450 1601 siout
466 1533 712 1619 promissimus,
738 1533 887 1601 Romana
913 1540 1003 1599 tenet
1018 1531 1170 1598 Ecclesia
1186 1534 1218 1597 et

92 1640 274 1718 observat,
301 1642 499 1712 inconcusse
525 1643 675 1730 predices
702 1650 735 1709 et
763 1649 898 1728 teneas,
927 1643 1032 1726 ipsam
1061 1641 1218 1727 promptis

91 1748 271 1818 affectibus
287 1753 441 1835 amplecti
458 1752 614 1831 studeas,
633 1760 666 1818 et
680 1750 889 1835 Magnificum
905 1751 1099 1834 Principem,
1116 1748 1217 1816 Geor·

92 1859 187 1944 glum
203 1861 441 1945 Imperatorem
457 1864 670 1948 Bulgarorum
686 1862 851 1927 Illustrem
861 1912 870 1944 ,
898 1860 950 1928 cui
967 1869 1064 1941 super
1088 1858 1150 1924 hoc
1167 1878 1218 1924 sa·

90 1969 198 2033 lutern
215 1968 364 2035 zelantes
381 1971 486 2054 ipsius
502 1975 630 2038 nostras
648 1970 886 2034 exhortatorias
903 1967 1119 2048 destinamus,
1144 1985 1216 2032 nea·

89 2097 158 2141 non
178 2085 210 2143 et
226 2079 364 2161 populos
381 2085 438 2144 tue
454 2078 609 2165 aoipsius
627 2077 743 2143 ditioni
754 2075 916 2163 subditos,
929 2077 972 2142 ad
986 2076 1082 2142 iidem
1101 2084 1215 2143 tenan-

93 2184 174 2250 dam
191 2187 332 2253 eandem
359 2168 537 2255 efficaciter
553 2169 681 2273 dirigas
707 2193 739 2252 et
755 2187 904 2253 inducas.
921 2183 1027 2252 Tenet
1045 2188 1129 2252 enim
1146 2205 1218 2270 pro-

92 2294 251 2361 babiliter
267 2301 381 2361 nostra
397 2295 583 2377 credulitas,
602 2297 690 2379 quod
707 2293 740 2362 in
756 2295 820 2361 hiis
837 2295 929 2361 iuxta
946 2293 1009 2358 Dei
1026 2302 1058 2361 et
1074 2300 1218 2361 nostrum

93 2403 338 2487 beneplacitum
354 2404 595 2488 prosequendis
613 2401 784 2469 exhibebis
795 2409 828 2468 te
847 2403 1073 2484 voluntarium,
1085 2402 1218 2470 facilem

93 2517 197 2594 atque
213 2518 410 2596 promptum,
429 2531 500 2576 cum
517 2516 562 2595 tu,
580 2511 608 2576 si
625 2519 736 2577 tamen
755 2511 811 2578 ille
828 2511 885 2592 sis,
905 2510 959 2592 qui
975 2517 1050 2576 tuno
1067 2516 1138 2577 erat
1153 2510 1218 2576 Ar-

95 2619 328 2706 chiepisoopus
361 2621 576 2704 Bulgarorum
605 2620 682 2685 olim
720 2639 828 2686 coram
854 2617 1019 2699 quondam
1044 2617 1218 2702 Magnifice

92 2733 166 2794 viro
182 2729 345 2796 Michaele
371 2729 548 2811 Paleologo
574 2729 777 2814 Imperatore
804 2728 984 2796 Greoornm
1009 2728 1152 2808 Illustri,
1179 2748 1219 2794 eo

93 2846 244 2922 tempore
262 2837 544 2923 Constantinopoli
560 2837 742 2920 residente,
767 2835 935 2922 professus
952 2838 1056 2903 fueris
1073 2838 1105 2901 in
1122 2839 1219 2906 Pala·

94 2947 142 3013 tio
161 2947 203 3013 da
219 2945 404 3014 Blachavia
420 2964 530 3012 coram
548 2945 652 3030 nobis,
671 2947 754 3012 siout
770 2965 791 3008 a
807 2951 864 3010 tua
881 2943 1044 3012 excidisse
1059 2948 1216 3012 memoria

93 3053 352 3139 non'credimus,
369 3057 501 3122 oraculo
512 3051 586 3122 rive
596 3055 699 3139 vocis,
716 3062 749 3121 ta
765 3058 855 3139 Papa
868 3055 1015 3123 Romano
1032 3054 1219 3121 immediate

94 3165 247 3251 subesse,
265 3171 408 3248 tuncque
425 3163 565 3245 adhoc,
584 3163 628 3230 ad
645 3164 732 3246 quod
748 3170 782 3230 te
798 3183 883 3231 nunc
900 3163 1093 3244 inducimus,
1110 3163 1218 3248 dispo·

94 3274 182 3340 situs
200 3272 378 3339 videbaris.
405 3271 675 3339 Exhortationem
699 3273 799 3358 igitur
816 3273 1019 3358 huiusmodi,
1047 3270 1148 3338 frater
1165 3293 1217 3338 ca-

93 3382 238 3465 rissime,
264 3400 325 3464 que
341 3379 381 3448 dc
398 3381 548 3446 caritatis
574 3381 687 3446 radice
703 3380 870 3466 procedit,
899 3381 1017 3448 devota
1042 3380 1218 3466 suscipias,

95 3499 128 3560 et
144 3490 254 3556 studio
273 3489 400 3556 efficaci
417 3490 603 3574 adimplere
622 3507 799 3576 procures,
826 3499 861 3554 ut
876 3489 910 3556 in
925 3489 1138 3556 retributione
1166 3491 1216 3555 iu-

96 3607 222 3668 storum
239 3605 383 3665 extrema
399 3604 491 3667 tanto
515 3599 719 3665 remunerari
737 3596 828 3664 donis
845 3597 1029 3684 potioribus
1045 3602 1218 3685 merearis,

97 3717 222 3797 quanto
240 3711 273 3776 in
290 3728 414 3776 orreum
431 3709 536 3794 patris
562 3706 707 3774 familias
725 3711 892 3776 uberiores
915 3708 948 3773 in
965 3715 997 3774 te
1014 3727 1054 3774 ac
1070 3709 1145 3774 aliis
1161 3710 1217 3776 bo-

96 3840 212 3887 norum
238 3837 372 3908 operum
397 3817 582 3904 manipulos
608 3816 810 3884 introduces.
839 3819 994 3886 Ceterum
1019 3824 1055 3883 ut
1079 3815 1161 3885 fides
1187 3828 1220 3886 et

18 3999 19 4002 ,
97 3935 167 4000 eius
185 3932 292 4000 forma
316 3928 516 3997 fraternitati
541 3935 596 3994 tue
613 3928 741 4014 plenius
767 3927 998 4012 innotescant,
1025 3929 1118 4014 ipsas
1142 3927 1220 3994 feci·

95 4062 169 4108 rnus
197 4039 404 4128 presentibus
430 4037 591 4104 annotari.
619 4035 689 4114 Qua
713 4037 798 4102 tales
815 4046 908 4104 sunt:
934 4035 1106 4102 Credimus
1132 4037 1219 4104 huno

96 4151 255 4218 Sanctam
283 4148 497 4223 Trinitatem,
525 4165 589 4210 nou
615 4152 681 4212 tres
698 4146 804 4222 Deos,
829 4143 1003 4211 sedunum
1027 4145 1132 4210 Deum
1150 4165 1216 4212 om-

96 4261 310 4348 nipotentem,
327 4264 495 4333 eternum,
525 4253 723 4320 invisibilem
750 4259 781 4318 et
805 4252 1123 4338 incommutabilem
1150 4273 1218 4320 ere-

94 4369 202 4434 dimus
221 4367 378 4433 Sanctam
389 4363 594 4432 Oatholicam
612 4369 643 4429 et
659 4362 885 4447 Apostolicam
901 4379 997 4426 unam
1015 4381 1089 4428 essa
1107 4383 1217 4430 reram

93 4476 291 4558 Ecclesiam,
308 4475 340 4540 in
358 4491 535 4558 quassum
552 4471 647 4538 datur
672 4469 838 4555 baptisma
854 4479 887 4536 et
912 4491 991 4538 vcra
1008 4471 1155 4537 omnium·
1171 4491 1222 4538 re·

96 4583 213 4653 missio
239 4590 467 4668 peccatorum3
494 4579 656 4648 oredimus
682 4581 782 4648 etiam
808 4601 918 4650 reram
945 4583 1222 4649 resurrectionem

96 4695 246 4764 eiusdem
264 4693 381 4777 carnis,
399 4711 497 4776 quam
512 4708 599 4756 nunc
616 4695 793 4776 gestamus,
806 4696 839 4757 at
854 4691 956 4757 vitam
972 4696 1137 4774 eternam,
1156 4709 1223 4757 cre·
