3166 5238
862 327 1009 430 goa—

375 547 484 594 sarum
495 525 709 594 festivitatum
719 525 904 594 immediate
920 531 1106 610 sequentes,
1118 545 1178 594 nee
1189 545 1253 592 non
1269 525 1304 591 in
1314 525 1474 592 Beatorum

376 633 545 703 lsrobaelis
559 633 780 720 Archangeli,
805 633 972 722 Laurentij
991 641 1025 701 et
1040 634 1129 700 Petri
1144 632 1187 700 de
1202 631 1317 702 ordine
1333 633 1475 701 Prediea-

375 755 480 812 torum
499 751 686 830 martyrum,
702 743 833 812 Nieolai
849 753 882 810 et
903 744 1035 814 Hartiui
1050 744 1285 831 oonfessorum,
1296 746 1477 829 llargarete,

375 853 548 938 manne,
572 861 606 921 et
630 855 733 922 blarie
758 853 974 940 uagdalene,
991 854 1238 938 festivitatibus,
1260 863 1295 921 et
1309 857 1344 922 in
1361 853 1478 922 dediea·

375 961 464 1030 u'one
475 963 624 1030 blooleaie
632 963 821 1048 supradicte
837 981 939 1030 eausa
950 962 1137 1030 devotionis
1152 971 1186 1028 et
1201 962 1360 1030 orationis
1375 982 1477 1031 aeoes·

375 1070 487 1150 serint,
503 1081 536 1138 et
552 1071 674 1140 ibidem
698 1071 831 1140 missam
851 1071 1025 1156 audierint,
1042 1072 1094 1137 vel
1110 1091 1171 1154 pro
1185 1091 1270 1156 paee
1286 1072 1480 1141 Universalis

375 1179 521 1248 Eeelesie
548 1183 713 1248 oraverint
738 1189 845 1248 mente
862 1181 929 1266 pia,
945 1187 1002 1246 aut
1017 1199 1077 1266 pro
1098 1181 1371 1267 reparationibus,
1387 1201 1481 1249 emen·

374 1287 574 1374 dationibus,
599 1292 780 1370 structuris,
807 1291 1031 1376 luminaribus,
1049 1291 1163 1372 ealiee,
1184 1292 1395 1376 ornamentis,
1411 1299 1481 1358 stru

374 1397 486 1484 elaris,
512 1397 738 1480 vestimentis,
764 1398 866 1481 libris,
894 1401 1064 1485 campanis
1080 1400 1134 1467 rel
1149 1399 1227 1484 alija
1243 1399 1481 1482 quibuscunque

374 1504 460 1574 dicte
475 1507 623 1574 Eoeluaie
648 1508 847 1594 neeessarijs
873 1529 990 1575 manus
1004 1508 1209 1593 porrexerint
1232 1505 1422 1592 adiutrieos²
1436 1509 1482 1575 rel

375 1615 432 1699 qui
458 1617 491 1682 in
516 1616 602 1684 bona
628 1617 679 1682 sni
710 1618 855 1702 eorporis
881 1617 1025 1684 sanitate
1036 1667 1046 1700 ‚
1070 1635 1129 1684 seu
1154 1616 1253 1684 etiam
1278 1619 1311 1681 in
1337 1617 1482 1683 extremis

375 1724 569 1794 laborantes
593 1726 768 1808 quicquam
788 1725 980 1792 taoultatum
996 1743 1129 1791 suarum
1148 1724 1333 1812 legaverint
1347 1722 1442 1792 modo
1455 1723 1483 1788 li-

375 1835 441 1903 eito
456 1833 604 1902 Ecclesie
628 1835 837 1922 supradicte,
863 1835 904 1901 de
929 1835 1170 1922 Omnipoteutis
1185 1834 1248 1901 Dei
1267 1832 1484 1902 misericordia

374 1951 408 2010 et
423 1944 599 2014 beatorum
614 1945 704 2012 Petri
714 1955 747 2011 et
762 1947 858 2013 Pauli
874 1949 1105 2032 Apostolorum
1121 1945 1192 2010 eius
1208 1945 1408 2012 auotoritate
1417 1963 1483 2010 eou-

374 2051 437 2132 fisi,
452 2055 575 2137 singuli
594 2063 741 2120 nostrum
767 2055 917 2139 singulas
932 2055 1057 2122 dierum
1084 2053 1317 2139 quadragenas
1333 2050 1377 2118 de
1391 2053 1484 2122 iniun-

374 2165 437 2229 etia
446 2163 508 2228 sibi
517 2164 710 2248 penitenlijs
720 2162 977 2230 misericorditer
993 2164 1026 2229 in
1041 2165 1184 2232 Domino
1195 2165 1394 2246 relaxamus,
1405 2161 1485 2228 dum-

374 2267 471 2336 modo
485 2271 663 2338 Dioeeaani
688 2272 844 2340 uoluntas
860 2272 905 2340 ad
921 2272 956 2338 id
970 2269 1178 2356 aocesaetrit)
1195 2279 1228 2337 et
1247 2271 1485 2346 eonsensum

375 2377 467 2444 euius
491 2380 539 2445 rei
563 2379 782 2447 testimonium
807 2380 1014 2468 presentibus
1037 2387 1154 2447 nostra
1176 2380 1287 2464 sigilla
1311 2375 1485 2462 iussimus)

373 2489 575 2570 appensione
598 2488 728 2556 muniri.
755 2489 876 2556 Datum
894 2488 996 2556 llome
1011 2485 1065 2553 die
1082 2488 1156 2555 XX.
1172 2486 1294 2553 mensis
1309 2485 1417 2569 startij
1433 2485 1485 2550 XI.

375 2593 557 2664 Indiotioue
565 2597 759 2682 pontificatu
769 2631 814 2644 -
827 2632 866 2642 -
877 2595 1037 2680 Bonifatii
1046 2597 1138 2682 Pape
1148 2598 1257 2662 uetari
1265 2615 1355 2662 anuo
1366 2598 1485 2678 quarto.

374 2787 516 2858 erden
532 2789 565 2847 a
585 2790 749 2850 rimmo«
770 2791 958 2850 ueneno.
980 2810 1005 2848 ι
1026 2791 1133 2850 oum
1155 2790 1289 2849 salmo.
1307 2789 1373 2848 ur.
1386 2785 1486 2858 soar.)
