<?xml version="1.0" encoding="UTF-8"?>
<!DOCTYPE html PUBLIC "-//W3C//DTD XHTML 1.0 Transitional//EN"
    "http://www.w3.org/TR/xhtml1/DTD/xhtml1-transitional.dtd">
<html xmlns="http://www.w3.org/1999/xhtml" xml:lang="en" lang="en">
 <head>
  <title>
</title>
<meta http-equiv="Content-Type" content="text/html;charset=utf-8" />
  <meta name='ocr-system' content='tesseract 3.04.00' />
  <meta name='ocr-capabilities' content='ocr_page ocr_carea ocr_par ocr_line ocrx_word'/>
</head>
<body>
  <div class='ocr_page' id='page_1' title='image "./codexdiplomatic02wenzgoog_0217.png"; bbox 0 0 3166 5238; ppageno 0'>
   <div class='ocr_carea' id='block_1_1' title="bbox 601 1004 676 1071">
    <p class='ocr_par' dir='ltr' id='par_1_1' title="bbox 601 1004 676 1071">
     <span class='ocr_line' id='line_1_1' title="bbox 601 1004 676 1071; baseline -0.027 -1"><span class='ocrx_word' id='word_1_1' title='bbox 601 1004 676 1071; x_wconf 82' lang='lat' dir='ltr'>tat.</span> 
     </span>
    </p>
   </div>
   <div class='ocr_carea' id='block_1_2' title="bbox 88 1203 1195 1398">
    <p class='ocr_par' dir='ltr' id='par_1_2' title="bbox 88 1203 1195 1398">
     <span class='ocr_line' id='line_1_2' title="bbox 88 1203 1195 1290; baseline -0.004 -20"><span class='ocrx_word' id='word_1_2' title='bbox 88 1209 108 1270; x_wconf 89' lang='grc' dir='ltr'><em>Ι</em></span> <span class='ocrx_word' id='word_1_3' title='bbox 107 1208 147 1270; x_wconf 88' lang='lat' dir='ltr'>II.</span> <span class='ocrx_word' id='word_1_4' title='bbox 159 1207 265 1270; x_wconf 80' lang='lat' dir='ltr'>Errdre</span> <span class='ocrx_word' id='word_1_5' title='bbox 274 1203 380 1290; x_wconf 72' lang='lat' dir='ltr'>ktruty</span> <span class='ocrx_word' id='word_1_6' title='bbox 389 1203 520 1268; x_wconf 79' lang='lat' dir='ltr'>ilctatdai</span> <span class='ocrx_word' id='word_1_7' title='bbox 524 1213 686 1290; x_wconf 71' lang='lat' dir='ltr'>percaeca</span> <span class='ocrx_word' id='word_1_8' title='bbox 697 1228 717 1267; x_wconf 86' lang='lat' dir='ltr'>a</span> <span class='ocrx_word' id='word_1_9' title='bbox 730 1205 893 1290; x_wconf 75' lang='lat' dir='ltr'>caepszdrd</span> <span class='ocrx_word' id='word_1_10' title='bbox 901 1205 1098 1290; x_wconf 81' lang='lat' dir='ltr'>Icoaucatdca,</span> <span class='ocrx_word' id='word_1_11' title='bbox 1118 1203 1195 1288; x_wconf 71' lang='lat' dir='ltr'>kopp</span> 
     </span>
     <span class='ocr_line' id='line_1_3' title="bbox 156 1310 1128 1398; baseline -0.002 -20"><span class='ocrx_word' id='word_1_12' title='bbox 156 1316 246 1378; x_wconf 80' lang='lat' dir='ltr'>Boas</span> <span class='ocrx_word' id='word_1_13' title='bbox 254 1313 317 1398; x_wconf 82' lang='lat' dir='ltr'>fiai</span> <span class='ocrx_word' id='word_1_14' title='bbox 333 1313 581 1398; x_wconf 71' lang='lat' dir='ltr'>Eyenzorazaak</span> <span class='ocrx_word' id='word_1_15' title='bbox 598 1310 764 1376; x_wconf 67' lang='lat' dir='ltr'>timorato</span> <span class='ocrx_word' id='word_1_16' title='bbox 783 1311 1010 1377; x_wconf 68' lang='lat' dir='ltr'>ittaaasacak.</span> <span class='ocrx_word' id='word_1_17' title='bbox 1028 1313 1128 1376; x_wconf 84' lang='lat'>1298.</span> 
     </span>
    </p>
   </div>
   <div class='ocr_carea' id='block_1_3' title="bbox 83 1509 1204 3332">
    <p class='ocr_par' dir='ltr' id='par_1_3' title="bbox 83 1509 1204 3332">
     <span class='ocr_line' id='line_1_4' title="bbox 184 1509 1198 1603; baseline -0.005 -23"><span class='ocrx_word' id='word_1_18' title='bbox 184 1513 337 1581; x_wconf 81' lang='lat' dir='ltr'><strong>Andreas</strong></span> <span class='ocrx_word' id='word_1_19' title='bbox 354 1511 416 1577; x_wconf 88' lang='lat' dir='ltr'>Dei</span> <span class='ocrx_word' id='word_1_20' title='bbox 432 1515 545 1594; x_wconf 81' lang='lat' dir='ltr'>gracia</span> <span class='ocrx_word' id='word_1_21' title='bbox 560 1513 629 1578; x_wconf 84' lang='lat' dir='ltr'>Rex</span> <span class='ocrx_word' id='word_1_22' title='bbox 646 1511 816 1603; x_wconf 83' lang='lat' dir='ltr'>Hungarie</span> <span class='ocrx_word' id='word_1_23' title='bbox 826 1512 978 1581; x_wconf 86' lang='lat' dir='ltr'>fidelibus</span> <span class='ocrx_word' id='word_1_24' title='bbox 998 1511 1066 1578; x_wconf 89' lang='lat' dir='ltr'>suis</span> <span class='ocrx_word' id='word_1_25' title='bbox 1075 1509 1198 1578; x_wconf 84' lang='lat' dir='ltr'>Abbati</span> 
     </span>
     <span class='ocr_line' id='line_1_5' title="bbox 85 1619 1198 1710; baseline -0.002 -24"><span class='ocrx_word' id='word_1_26' title='bbox 85 1627 115 1687; x_wconf 89' lang='lat' dir='ltr'>et</span> <span class='ocrx_word' id='word_1_27' title='bbox 129 1619 312 1690; x_wconf 85' lang='lat' dir='ltr'>Oonuentui</span> <span class='ocrx_word' id='word_1_28' title='bbox 329 1619 547 1688; x_wconf 85' lang='lat' dir='ltr'>Sarardicnsi</span> <span class='ocrx_word' id='word_1_29' title='bbox 563 1621 699 1690; x_wconf 88' lang='lat' dir='ltr'>salutem</span> <span class='ocrx_word' id='word_1_30' title='bbox 716 1632 750 1689; x_wconf 89' lang='lat' dir='ltr'>et</span> <span class='ocrx_word' id='word_1_31' title='bbox 766 1622 922 1710; x_wconf 76' lang='lat' dir='ltr'>graciam.</span> <span class='ocrx_word' id='word_1_32' title='bbox 939 1620 1119 1702; x_wconf 86' lang='lat' dir='ltr'>Johaunes,</span> <span class='ocrx_word' id='word_1_33' title='bbox 1135 1620 1198 1684; x_wconf 93' lang='lat' dir='ltr'>Ro·</span> 
     </span>
     <span class='ocr_line' id='line_1_6' title="bbox 84 1727 1198 1814; baseline -0.004 -17"><span class='ocrx_word' id='word_1_34' title='bbox 84 1728 199 1798; x_wconf 88' lang='lat' dir='ltr'>landus</span> <span class='ocrx_word' id='word_1_35' title='bbox 215 1735 247 1796; x_wconf 91' lang='lat' dir='ltr'>et</span> <span class='ocrx_word' id='word_1_36' title='bbox 262 1731 384 1796; x_wconf 88' lang='lat' dir='ltr'>Paulus</span> <span class='ocrx_word' id='word_1_37' title='bbox 400 1727 458 1814; x_wconf 83' lang='lat' dir='ltr'>filij</span> <span class='ocrx_word' id='word_1_38' title='bbox 474 1728 575 1814; x_wconf 86' lang='lat' dir='ltr'>Baas,</span> <span class='ocrx_word' id='word_1_39' title='bbox 592 1727 723 1798; x_wconf 88' lang='lat' dir='ltr'>nobiles</span> <span class='ocrx_word' id='word_1_40' title='bbox 740 1733 781 1800; x_wconf 87' lang='lat' dir='ltr'>dc</span> <span class='ocrx_word' id='word_1_41' title='bbox 797 1732 960 1800; x_wconf 70' lang='lat' dir='ltr'>comitatu</span> <span class='ocrx_word' id='word_1_42' title='bbox 970 1727 1137 1808; x_wconf 76' lang='lat' dir='ltr'>Toluensi</span> <span class='ocrx_word' id='word_1_43' title='bbox 1155 1727 1198 1793; x_wconf 88' lang='lat' dir='ltr'>ad</span> 
     </span>
     <span class='ocr_line' id='line_1_7' title="bbox 83 1837 1200 1923; baseline -0.006 -16"><span class='ocrx_word' id='word_1_44' title='bbox 83 1845 224 1908; x_wconf 87' lang='lat' dir='ltr'>nostram</span> <span class='ocrx_word' id='word_1_45' title='bbox 241 1847 448 1906; x_wconf 89' lang='lat' dir='ltr'>accesserunt</span> <span class='ocrx_word' id='word_1_46' title='bbox 462 1838 678 1923; x_wconf 77' lang='lat' dir='ltr'>presenciam,</span> <span class='ocrx_word' id='word_1_47' title='bbox 696 1841 862 1922; x_wconf 88' lang='lat' dir='ltr'>quandam</span> <span class='ocrx_word' id='word_1_48' title='bbox 875 1846 995 1904; x_wconf 89' lang='lat' dir='ltr'>terram</span> <span class='ocrx_word' id='word_1_49' title='bbox 1004 1837 1200 1921; x_wconf 83' lang='lat' dir='ltr'>Reginalem</span> 
     </span>
     <span class='ocr_line' id='line_1_8' title="bbox 85 1947 1199 2036; baseline -0.002 -24"><span class='ocrx_word' id='word_1_50' title='bbox 85 1948 272 2036; x_wconf 80' lang='lat' dir='ltr'>Egenaaraa</span> <span class='ocrx_word' id='word_1_51' title='bbox 288 1954 438 2014; x_wconf 90' lang='lat' dir='ltr'>uocatam</span> <span class='ocrx_word' id='word_1_52' title='bbox 456 1949 489 2014; x_wconf 91' lang='lat' dir='ltr'>in</span> <span class='ocrx_word' id='word_1_53' title='bbox 500 1947 831 2016; x_wconf 77' lang='lat' dir='ltr'>OomitatuTolnensi</span> <span class='ocrx_word' id='word_1_54' title='bbox 848 1947 1041 2014; x_wconf 80' lang='lat' dir='ltr'><strong>existentem</strong></span> <span class='ocrx_word' id='word_1_55' title='bbox 1060 1962 1199 2011; x_wconf 85' lang='lat' dir='ltr'>uacuam</span> 
     </span>
     <span class='ocr_line' id='line_1_9' title="bbox 84 2053 1202 2140; baseline -0.004 -16"><span class='ocrx_word' id='word_1_56' title='bbox 84 2062 115 2124; x_wconf 92' lang='lat' dir='ltr'>et</span> <span class='ocrx_word' id='word_1_57' title='bbox 128 2053 371 2123; x_wconf 88' lang='lat' dir='ltr'>habitatoribus</span> <span class='ocrx_word' id='word_1_58' title='bbox 387 2055 598 2138; x_wconf 87' lang='lat' dir='ltr'>destitutum,</span> <span class='ocrx_word' id='word_1_59' title='bbox 616 2064 654 2123; x_wconf 89' lang='lat' dir='ltr'>ut</span> <span class='ocrx_word' id='word_1_60' title='bbox 670 2055 840 2140; x_wconf 86' lang='lat' dir='ltr'>dixerunt,</span> <span class='ocrx_word' id='word_1_61' title='bbox 868 2055 1000 2122; x_wconf 92' lang='lat' dir='ltr'>anobis</span> <span class='ocrx_word' id='word_1_62' title='bbox 1016 2053 1202 2138; x_wconf 89' lang='lat' dir='ltr'>petiuerunt</span> 
     </span>
     <span class='ocr_line' id='line_1_10' title="bbox 85 2161 1203 2251; baseline -0.002 -21"><span class='ocrx_word' id='word_1_63' title='bbox 85 2163 144 2230; x_wconf 83' lang='lat' dir='ltr'>sibi</span> <span class='ocrx_word' id='word_1_64' title='bbox 159 2163 245 2230; x_wconf 89' lang='lat' dir='ltr'>dari.</span> <span class='ocrx_word' id='word_1_65' title='bbox 261 2161 305 2229; x_wconf 78' lang='lat' dir='ltr'>Et</span> <span class='ocrx_word' id='word_1_66' title='bbox 320 2163 398 2248; x_wconf 86' lang='lat' dir='ltr'>qnia</span> <span class='ocrx_word' id='word_1_67' title='bbox 422 2163 519 2231; x_wconf 91' lang='lat' dir='ltr'>nobis</span> <span class='ocrx_word' id='word_1_68' title='bbox 536 2163 577 2229; x_wconf 91' lang='lat' dir='ltr'>de</span> <span class='ocrx_word' id='word_1_69' title='bbox 602 2166 677 2251; x_wconf 91' lang='lat' dir='ltr'>ipsa</span> <span class='ocrx_word' id='word_1_70' title='bbox 693 2170 782 2232; x_wconf 88' lang='lat' dir='ltr'>terra</span> <span class='ocrx_word' id='word_1_71' title='bbox 801 2184 866 2231; x_wconf 93' lang='lat' dir='ltr'>non</span> <span class='ocrx_word' id='word_1_72' title='bbox 883 2161 1023 2246; x_wconf 85' lang='lat' dir='ltr'>constat,</span> <span class='ocrx_word' id='word_1_73' title='bbox 1052 2161 1203 2230; x_wconf 84' lang='lat' dir='ltr'>fidelitati</span> 
     </span>
     <span class='ocr_line' id='line_1_11' title="bbox 85 2271 1201 2358; baseline -0.002 -19"><span class='ocrx_word' id='word_1_74' title='bbox 85 2279 189 2339; x_wconf 84' lang='lat' dir='ltr'>uestra</span> <span class='ocrx_word' id='word_1_75' title='bbox 205 2273 427 2358; x_wconf 75' lang='lat' dir='ltr'>precipientes</span> <span class='ocrx_word' id='word_1_76' title='bbox 450 2273 667 2358; x_wconf 88' lang='lat' dir='ltr'>mandamus,</span> <span class='ocrx_word' id='word_1_77' title='bbox 693 2281 858 2356; x_wconf 81' lang='lat' dir='ltr'>quatenus</span> <span class='ocrx_word' id='word_1_78' title='bbox 874 2271 1010 2342; x_wconf 89' lang='lat' dir='ltr'>mittatis</span> <span class='ocrx_word' id='word_1_79' title='bbox 1036 2271 1201 2339; x_wconf 89' lang='lat' dir='ltr'>hominem</span> 
     </span>
     <span class='ocr_line' id='line_1_12' title="bbox 85 2378 1200 2467; baseline -0.001 -22"><span class='ocrx_word' id='word_1_80' title='bbox 85 2387 226 2449; x_wconf 89' lang='lat' dir='ltr'>restrum</span> <span class='ocrx_word' id='word_1_81' title='bbox 243 2380 396 2449; x_wconf 89' lang='lat' dir='ltr'>idoneum</span> <span class='ocrx_word' id='word_1_82' title='bbox 412 2400 471 2466; x_wconf 93' lang='lat' dir='ltr'>pro</span> <span class='ocrx_word' id='word_1_83' title='bbox 482 2380 682 2464; x_wconf 87' lang='lat' dir='ltr'>testimonio,</span> <span class='ocrx_word' id='word_1_84' title='bbox 700 2400 810 2449; x_wconf 86' lang='lat' dir='ltr'>coram</span> <span class='ocrx_word' id='word_1_85' title='bbox 820 2400 885 2466; x_wconf 89' lang='lat' dir='ltr'>qno</span> <span class='ocrx_word' id='word_1_86' title='bbox 902 2383 1097 2467; x_wconf 87' lang='lat' dir='ltr'>Lampertus</span> <span class='ocrx_word' id='word_1_87' title='bbox 1112 2378 1200 2446; x_wconf 86' lang='lat' dir='ltr'>filius</span> 
     </span>
     <span class='ocr_line' id='line_1_13' title="bbox 84 2486 1199 2576; baseline -0.005 -20"><span class='ocrx_word' id='word_1_88' title='bbox 84 2491 174 2576; x_wconf 78' lang='lat' dir='ltr'>Mcys</span> <span class='ocrx_word' id='word_1_89' title='bbox 190 2491 233 2556; x_wconf 90' lang='lat' dir='ltr'>de</span> <span class='ocrx_word' id='word_1_90' title='bbox 249 2487 342 2554; x_wconf 89' lang='lat' dir='ltr'>Duus</span> <span class='ocrx_word' id='word_1_91' title='bbox 358 2488 455 2555; x_wconf 92' lang='lat' dir='ltr'>homo</span> <span class='ocrx_word' id='word_1_92' title='bbox 471 2494 584 2554; x_wconf 88' lang='lat' dir='ltr'>noster</span> <span class='ocrx_word' id='word_1_93' title='bbox 599 2487 849 2574; x_wconf 89' lang='lat' dir='ltr'>accedatsupcr</span> <span class='ocrx_word' id='word_1_94' title='bbox 865 2487 984 2555; x_wconf 85' lang='lat' dir='ltr'>faciem</span> <span class='ocrx_word' id='word_1_95' title='bbox 1001 2486 1199 2567; x_wconf 76' lang='lat' dir='ltr'>dictatores,</span> 
     </span>
     <span class='ocr_line' id='line_1_14' title="bbox 85 2594 1204 2685; baseline -0.007 -19"><span class='ocrx_word' id='word_1_96' title='bbox 85 2598 274 2666; x_wconf 89' lang='lat' dir='ltr'>conuocatis</span> <span class='ocrx_word' id='word_1_97' title='bbox 292 2598 516 2666; x_wconf 85' lang='lat' dir='ltr'>conmotaneis</span> <span class='ocrx_word' id='word_1_98' title='bbox 541 2606 574 2664; x_wconf 85' lang='lat' dir='ltr'>ct</span> <span class='ocrx_word' id='word_1_99' title='bbox 591 2597 707 2665; x_wconf 90' lang='lat' dir='ltr'>uicinis</span> <span class='ocrx_word' id='word_1_100' title='bbox 723 2615 783 2685; x_wconf 89' lang='lat' dir='ltr'>per</span> <span class='ocrx_word' id='word_1_101' title='bbox 799 2605 927 2666; x_wconf 88' lang='lat' dir='ltr'>ueteres</span> <span class='ocrx_word' id='word_1_102' title='bbox 950 2604 1057 2666; x_wconf 88' lang='lat' dir='ltr'>metas</span> <span class='ocrx_word' id='word_1_103' title='bbox 1073 2603 1107 2662; x_wconf 91' lang='lat' dir='ltr'>et</span> <span class='ocrx_word' id='word_1_104' title='bbox 1122 2594 1204 2663; x_wconf 88' lang='lat' dir='ltr'>anti-</span> 
     </span>
     <span class='ocr_line' id='line_1_15' title="bbox 84 2703 1202 2791; baseline -0.003 -19"><span class='ocrx_word' id='word_1_105' title='bbox 84 2726 162 2790; x_wconf 82' lang='lat' dir='ltr'>quas</span> <span class='ocrx_word' id='word_1_106' title='bbox 177 2705 420 2776; x_wconf 88' lang='lat' dir='ltr'>reambulando</span> <span class='ocrx_word' id='word_1_107' title='bbox 437 2711 565 2772; x_wconf 88' lang='lat' dir='ltr'>statuat</span> <span class='ocrx_word' id='word_1_108' title='bbox 580 2705 659 2791; x_wconf 85' lang='lat' dir='ltr'>dlijs</span> <span class='ocrx_word' id='word_1_109' title='bbox 675 2705 764 2772; x_wconf 86' lang='lat' dir='ltr'>Baas</span> <span class='ocrx_word' id='word_1_110' title='bbox 781 2704 979 2790; x_wconf 79' lang='lat' dir='ltr'>antedictis,</span> <span class='ocrx_word' id='word_1_111' title='bbox 1007 2705 1036 2774; x_wconf 89' lang='lat' dir='ltr'>si</span> <span class='ocrx_word' id='word_1_112' title='bbox 1051 2725 1117 2774; x_wconf 92' lang='lat' dir='ltr'>non</span> <span class='ocrx_word' id='word_1_113' title='bbox 1132 2703 1202 2770; x_wconf 79' lang='lat' dir='ltr'>fue·</span> 
     </span>
     <span class='ocr_line' id='line_1_16' title="bbox 84 2811 1202 2897; baseline -0.003 -16"><span class='ocrx_word' id='word_1_114' title='bbox 84 2814 124 2881; x_wconf 91' lang='lat' dir='ltr'>rit</span> <span class='ocrx_word' id='word_1_115' title='bbox 139 2811 398 2894; x_wconf 77' lang='lat' dir='ltr'>contradictum,</span> <span class='ocrx_word' id='word_1_116' title='bbox 426 2812 685 2880; x_wconf 83' lang='lat' dir='ltr'>contradictores</span> <span class='ocrx_word' id='word_1_117' title='bbox 702 2829 801 2890; x_wconf 90' lang='lat' dir='ltr'>uero,</span> <span class='ocrx_word' id='word_1_118' title='bbox 818 2811 918 2897; x_wconf 88' lang='lat' dir='ltr'>siqui</span> <span class='ocrx_word' id='word_1_119' title='bbox 935 2811 1064 2894; x_wconf 86' lang='lat' dir='ltr'>fuerint,</span> <span class='ocrx_word' id='word_1_120' title='bbox 1085 2811 1129 2877; x_wconf 84' lang='lat' dir='ltr'>ad</span> <span class='ocrx_word' id='word_1_121' title='bbox 1145 2830 1202 2878; x_wconf 91' lang='lat' dir='ltr'>no-</span> 
     </span>
     <span class='ocr_line' id='line_1_17' title="bbox 84 2921 1204 3008; baseline -0.002 -18"><span class='ocrx_word' id='word_1_122' title='bbox 84 2930 180 2990; x_wconf 89' lang='lat' dir='ltr'>stram</span> <span class='ocrx_word' id='word_1_123' title='bbox 200 2923 281 2988; x_wconf 90' lang='lat' dir='ltr'>citet</span> <span class='ocrx_word' id='word_1_124' title='bbox 305 2921 513 3007; x_wconf 86' lang='lat' dir='ltr'>presenciam</span> <span class='ocrx_word' id='word_1_125' title='bbox 538 2922 584 2990; x_wconf 86' lang='lat' dir='ltr'>ad</span> <span class='ocrx_word' id='word_1_126' title='bbox 599 2921 772 2988; x_wconf 89' lang='lat' dir='ltr'>terminum</span> <span class='ocrx_word' id='word_1_127' title='bbox 796 2925 1045 3008; x_wconf 83' lang='lat' dir='ltr'>competentem.</span> <span class='ocrx_word' id='word_1_128' title='bbox 1070 2921 1112 2988; x_wconf 81' lang='lat' dir='ltr'>Et</span> <span class='ocrx_word' id='word_1_129' title='bbox 1127 2929 1204 3006; x_wconf 89' lang='lat' dir='ltr'>post</span> 
     </span>
     <span class='ocr_line' id='line_1_18' title="bbox 83 3027 1204 3116; baseline 0.001 -21"><span class='ocrx_word' id='word_1_130' title='bbox 83 3030 141 3095; x_wconf 91' lang='lat' dir='ltr'>hec</span> <span class='ocrx_word' id='word_1_131' title='bbox 157 3031 351 3116; x_wconf 88' lang='lat' dir='ltr'>qualitatem</span> <span class='ocrx_word' id='word_1_132' title='bbox 368 3036 400 3095; x_wconf 90' lang='lat' dir='ltr'>et</span> <span class='ocrx_word' id='word_1_133' title='bbox 410 3030 627 3112; x_wconf 87' lang='lat' dir='ltr'>quantitatem</span> <span class='ocrx_word' id='word_1_134' title='bbox 643 3029 748 3115; x_wconf 91' lang='lat' dir='ltr'>ipsius</span> <span class='ocrx_word' id='word_1_135' title='bbox 759 3034 856 3116; x_wconf 86' lang='lat' dir='ltr'>terre,</span> <span class='ocrx_word' id='word_1_136' title='bbox 873 3029 1006 3096; x_wconf 87' lang='lat' dir='ltr'>nomina</span> <span class='ocrx_word' id='word_1_137' title='bbox 1022 3027 1204 3098; x_wconf 89' lang='lat' dir='ltr'>contradic-</span> 
     </span>
     <span class='ocr_line' id='line_1_19' title="bbox 84 3136 1203 3222; baseline 0.002 -19"><span class='ocrx_word' id='word_1_138' title='bbox 84 3146 205 3222; x_wconf 86' lang='lat' dir='ltr'>torum,</span> <span class='ocrx_word' id='word_1_139' title='bbox 223 3137 313 3205; x_wconf 89' lang='lat' dir='ltr'>diem</span> <span class='ocrx_word' id='word_1_140' title='bbox 329 3137 518 3220; x_wconf 83' lang='lat' dir='ltr'>citacionir‚</span> <span class='ocrx_word' id='word_1_141' title='bbox 536 3145 569 3205; x_wconf 88' lang='lat' dir='ltr'>et</span> <span class='ocrx_word' id='word_1_142' title='bbox 585 3138 756 3206; x_wconf 86' lang='lat' dir='ltr'>terminum</span> <span class='ocrx_word' id='word_1_143' title='bbox 772 3138 869 3205; x_wconf 91' lang='lat' dir='ltr'>nobis</span> <span class='ocrx_word' id='word_1_144' title='bbox 887 3136 1028 3206; x_wconf 88' lang='lat' dir='ltr'>fideliter</span> <span class='ocrx_word' id='word_1_145' title='bbox 1044 3137 1203 3206; x_wconf 81' lang='lat' dir='ltr'>rescriba-</span> 
     </span>
     <span class='ocr_line' id='line_1_20' title="bbox 86 3244 1059 3332; baseline 0 -18"><span class='ocrx_word' id='word_1_146' title='bbox 86 3249 134 3314; x_wconf 90' lang='lat' dir='ltr'>tis.</span> <span class='ocrx_word' id='word_1_147' title='bbox 152 3249 277 3321; x_wconf 86' lang='lat' dir='ltr'>Datum</span> <span class='ocrx_word' id='word_1_148' title='bbox 294 3244 384 3313; x_wconf 90' lang='lat' dir='ltr'>Bude</span> <span class='ocrx_word' id='word_1_149' title='bbox 402 3245 537 3314; x_wconf 83' lang='lat' dir='ltr'>infesto</span> <span class='ocrx_word' id='word_1_150' title='bbox 554 3245 664 3316; x_wconf 84' lang='lat' dir='ltr'>Sancti</span> <span class='ocrx_word' id='word_1_151' title='bbox 680 3245 782 3331; x_wconf 83' lang='lat' dir='ltr'>Regis</span> <span class='ocrx_word' id='word_1_152' title='bbox 799 3247 967 3332; x_wconf 88' lang='lat' dir='ltr'>Stephani.</span> <span class='ocrx_word' id='word_1_153' title='bbox 1057 3267 1059 3274; x_wconf 92' lang='lat'>·</span> 
     </span>
    </p>
   </div>
   <div class='ocr_carea' id='block_1_4' title="bbox 119 3397 1170 3518">
    <p class='ocr_par' dir='ltr' id='par_1_4' title="bbox 119 3397 1170 3518">
     <span class='ocr_line' id='line_1_21' title="bbox 119 3397 1170 3518; baseline -0.003 -20"><span class='ocrx_word' id='word_1_154' title='bbox 119 3443 157 3516; x_wconf 84' lang='lat' dir='ltr'>(A</span> <span class='ocrx_word' id='word_1_155' title='bbox 171 3397 338 3514; x_wconf 79' lang='lat' dir='ltr'>saegsudrdi</span> <span class='ocrx_word' id='word_1_156' title='bbox 350 3443 480 3502; x_wconf 80' lang='lat' dir='ltr'>konrcnt</span> <span class='ocrx_word' id='word_1_157' title='bbox 494 3459 668 3518; x_wconf 75' lang='lat' dir='ltr'>ugyanaaon</span> <span class='ocrx_word' id='word_1_158' title='bbox 679 3441 726 3501; x_wconf 78' lang='lat' dir='ltr'>evi</span> <span class='ocrx_word' id='word_1_159' title='bbox 735 3441 936 3515; x_wconf 75' lang='lat' dir='ltr'>jelentdsdbdl.</span> <span class='ocrx_word' id='word_1_160' title='bbox 950 3441 1031 3498; x_wconf 72' lang='lat' dir='ltr'>drabo</span> <span class='ocrx_word' id='word_1_161' title='bbox 1040 3439 1170 3516; x_wconf 60' lang='lat' dir='ltr'>deicola).</span> 
     </span>
    </p>
   </div>
   <div class='ocr_carea' id='block_1_5' title="bbox 0 0 1591 5238">
    <p class='ocr_par' dir='ltr' id='par_1_5' title="bbox 0 0 1591 5238">
     <span class='ocr_line' id='line_1_22' title="bbox 0 0 1591 5238; baseline 0 0"><span class='ocrx_word' id='word_1_162' title='bbox 0 0 1591 5238; x_wconf 95' lang='lat' dir='ltr'> </span> 
     </span>
    </p>
   </div>
  </div>
 </body>
</html>
