3188 5238
409 1119 573 1190 Atrirdczc‘
598 1121 731 1190 konoool
757 1121 1038 1210 dizonysdpleoclo,
1064 1121 1145 1210 hopy
1161 1123 1274 1208 Jeme,
1297 1120 1511 1206 Nomoszldfio

405 1232 587 1298 rLodomer
602 1234 633 1297 ds
651 1233 754 1319 Kollo,
779 1231 908 1296 Mdrtorc
915 1232 990 1316 fici,
1008 1231 1152 1318 bizonyos
1173 1235 1253 1297 rdtrc
1267 1232 1439 1296 oonatkozd
1446 1253 1507 1316 per-

718 1339 773 1403 dere
789 1340 962 1426 oppessdpre
986 1339 1096 1424 ltpttt.
1113 1341 1212 1404 1295.

513 1537 582 1604 Nos
598 1539 627 1606 J.
644 1536 861 1604 miseracione
872 1537 994 1604 Diuine
1008 1538 1200 1622 Propositus
1216 1543 1249 1602 et
1265 1536 1507 1603 Oonnentusllo-

305 1689 315 1710 .
408 1646 507 1714 clesie
523 1645 625 1712 Beate
641 1645 786 1728 Virginis
805 1643 846 1712 de
870 1643 1000 1713 Turuoh
1016 1645 1148 1714 Ordinis
1175 1645 1509 1713 Premonstralensinn

407 1753 560 1820 memorie
586 1753 858 1839 commendemus,
875 1753 992 1836 quibus
1012 1751 1144 1838 expedit
1159 1772 1217 1839 per
1232 1762 1419 1836 presentes,
1436 1753 1511 1836 qnod

407 1859 577 1929 lohannes
594 1860 681 1927 filius
697 1859 875 1929 Nomozlou
897 1861 939 1930 eb
956 1882 1021 1927 una
1037 1867 1144 1946 parte,
1161 1861 1376 1928 Lodomerius
1393 1869 1425 1927 et
1440 1861 1512 1927 (loth

407 1969 464 2036 filii
479 1968 612 2034 Martini
636 1969 680 2035 ab
697 1967 804 2036 altera
828 1969 990 2036 innostra
1015 1968 1234 2054 personaliter
1260 1969 1425 2036 constituti
1449 1987 1511 2052 pre-

409 2078 520 2146 sencia
537 2078 716 2144 retulerunt
732 2077 766 2142 in
783 2097 893 2164 cansa,
910 2096 973 2160 qne
989 2077 1074 2143 inter
1099 2077 1190 2162 ipsos
1215 2077 1346 2144 racione
1371 2075 1454 2161 preti
1469 2096 1512 2142 cn·

405 2185 548 2274 jusdam,
562 2186 615 2268 qui
625 2187 718 2254 iuxta
728 2183 859 2251 fluuium
871 2186 1081 2273 Scmouuyoe
1096 2187 1317 2272 supraiacere
1336 2185 1514 2264 dinoscitur,

411 2293 611 2376 uertebalur,
623 2293 757 2360 arbitrio
774 2299 806 2359 et
823 2293 1030 2362 ordinacione
1042 2295 1216 2378 proborum
1226 2295 1369 2360 virorum
1379 2325 1515 2340 -—-

412 2403 544 2470 oreliter
561 2402 796 2487 concordasse;
814 2402 899 2484 qnod
915 2403 1015 2488 ijdem
1032 2403 1246 2470 Lodomerius
1263 2410 1294 2468 et
1309 2403 1399 2470 Koth
1416 2423 1516 2488 suprs-

409 2513 488 2578 dicti
503 2513 608 2597 ipsum
625 2517 756 2597 prolum
772 2512 838 2576 iam
857 2511 995 2596 dictum,
1022 2513 1110 2596 quod
1137 2511 1171 2578 in
1190 2514 1284 2578 metis
1301 2511 1446 2578 eiusdem
1467 2511 1485 2576 J
1488 2531 1514 2574 o·

409 2621 528 2688 hannis
544 2619 721 2687 dinosoitur
731 2620 892 2702 extitisse,
904 2627 1001 2703 prout
1017 2618 1123 2685 cciani
1140 2625 1171 2683 in
1188 2619 1361 2702 priuilegio
1380 2618 1515 2702 ejusden

409 2729 551 2796 vidimus
568 2729 739 2813 contineri,
755 2719 954 2812 reliquerunt
979 2736 1012 2796 et
1027 2727 1245 2811 permiserunt
1260 2725 1369 2793 cidem
1384 2724 1516 2795 Johanni

410 2844 442 2902 et
457 2838 526 2906 suis
542 2836 715 2904 heredibus
731 2836 950 2920 heredumque
967 2835 1211 2904 successoribus
1227 2837 1298 2901 iure
1315 2842 1471 2923 perpetuo
1488 2839 1516 2896 el

411 2945 678 3012 inrevocabiliter
693 2944 938 3030 possidendum.
965 2943 1035 3010 Nos
1050 2945 1150 3028 igitur·
1170 2944 1214 3008 ad
1240 2944 1438 3028 peticionem
1453 2961 1515 3026 per-

412 3055 496 3119 oium
513 3053 641 3118 litteras
658 3056 787 3118 nostras
808 3052 1028 3118 concessimus
1045 3051 1146 3137 sigilli
1162 3051 1266 3118 nostri
1283 3052 1458 3117 monimine
1474 3071 1514 3113 ro·

411 3171 556 3236 borstas.
572 3167 691 3230 Datum
714 3182 800 3228 anno
817 3163 860 3228 ab
877 3161 1114 3229 Incarnnoione
1131 3159 1264 3232 Domini
1278 3161 1328 3240 ΜΡ
1345 3161 1412 3228 00⁰
1428 3179 1517 3226 nonn-

412 3277 537 3360 gesimo
553 3276 674 3357 quinto.
875 3259 892 3268 ⁵*

555 3469 702 3538 (Eredetie
715 3467 957 3540 Kiirmiiczbdnys
970 3486 1010 3523 sz.
1023 3469 1051 3522 lr.
1065 3465 1149 3525 viros
1164 3464 1382 3528 leveltdrdban.)

861 3769 1084 3778 *-
