3188 5238
330 1323 360 1390 A
370 1325 521 1410 pozeoaps‘
535 1323 690 1408 lappelee
714 1321 983 1409 bizoapsdpleoele‚
1007 1323 1086 1409 kopp
1110 1324 1204 1388 rre'boe'
1229 1324 1318 1389 Beeli
1341 1324 1452 1388 Jalmb

330 1433 477 1520 rokoaai,
502 1431 722 1520 beitrolroppott
746 1433 923 1518 'o'zneppe‘vel
938 1430 1135 1519 Koluliaaul,
1154 1433 1262 1496 uenale
1287 1433 1404 1498 litbe're
1418 1435 1454 1496 e'e

567 1542 756 1628 dozomdayo
771 1542 859 1604 irritet
875 1540 1089 1628 eppezkedtels.
1106 1541 1205 1607 1295.

725 1757 763 1823 n.
873 1699 908 1820 e.
1017 1755 1052 1821 o.

440 1936 509 2002 Nos
525 1936 711 2022 Capitulum
728 1935 879 2004 neelesie
895 1936 1108 2003 Posoniensis
1135 1936 1365 2020 significamus
1383 1938 1451 2002 vni-

334 2043 449 2126 nersis,
460 2044 577 2127 quibus
593 2044 727 2130 expedit
743 2039 830 2129 (per)
840 2051 1022 2128 presentes,
1034 2045 1122 2126 quod
1140 2044 1324 2112 constitutis
1341 2065 1455 2130 perso·

335 2152 452 2220 naliter
468 2171 578 2218 eornm
593 2153 688 2220 nobis
705 2151 924 2219 Abraamfilio
940 2153 1076 2220 Ohubun
1095 2173 1153 2243 pro
1168 2175 1213 2237 ss,
1226 2161 1258 2219 et
1273 2173 1335 2240 pro
1352 2155 1457 2220 fratre

338 2279 396 2329 suo
413 2261 521 2343 lsaae,
539 2259 668 2345 Egidio,
684 2259 786 2328 fratre
802 2280 862 2327 suo
879 2261 1068 2343 Benedielo,
1092 2261 1202 2330 Bekes
1217 2283 1277 2346 pro
1292 2281 1329 2328 se
1346 2269 1379 2326 et
1393 2283 1455 2346 pro

336 2370 438 2436 fratre
455 2389 513 2436 suo
530 2367 666 2451 Jseobo,
682 2367 761 2453 filijs
777 2369 845 2433 Boe
862 2369 903 2435 de
919 2369 1008 2454 Beel,
1022 2369 1260 2454 jobagionibus
1273 2373 1374 2436 castri
1392 2372 1456 2436 Po·

340 2478 503 2546 seniensis
519 2498 560 2544 ex
575 2497 642 2545 una
657 2483 760 2564 parte,
778 2478 912 2544 domina
927 2477 1082 2546 Celerina
1097 2497 1199 2544 uxore
1214 2479 1393 2560 Perhtoldi,
1403 2499 1457 2544 re·

339 2585 419 2653 lietu
435 2586 556 2655 Jaeobi
570 2583 630 2669 filij
642 2584 774 2650 Endere
785 2586 826 2654 de
843 2585 923 2652 nilla
937 2586 1017 2652 Beel
1034 2607 1076 2652 ex
1092 2586 1208 2669 altera,
1226 2587 1329 2671 ijdem
1344 2589 1457 2654 Abra·

342 2715 395 2761 am
411 2727 455 2742 -
471 2727 514 2741 -
537 2693 596 2780 alij
622 2694 704 2760 sooii
727 2693 778 2761 sui
802 2692 941 2778 predieli
968 2693 1173 2762 ooneorditer
1197 2705 1272 2762 sunt
1299 2697 1459 2776 confessi,

342 2800 426 2886 quod
450 2801 515 2889 ipsi
539 2803 580 2870 de
605 2802 693 2869 bona
717 2803 886 2870 uoluntate
906 2804 1057 2887 ipsorum
1082 2809 1192 2870 totam
1211 2811 1341 2887 partem
1368 2812 1458 2871 terre

342 2913 420 2978 Beel
430 2962 440 2996 ,
466 2930 528 2996 que
543 2910 706 2994 prefatum
725 2909 882 2978 Jaeobum
908 2909 1009 2976 filium
1027 2911 1155 2977 Findere
1175 2919 1354 2997 eognatum
1370 2913 1459 2997 ipso·

342 3041 413 3088 rum
429 3019 471 3087 de
485 3020 554 3087 iure
570 3019 787 3104 contingebat,
806 3019 1032 3104 permisissent
1049 3019 1154 3087 eidem
1176 3020 1306 3088 domine
1324 3021 1462 3088 raeione

345 3131 431 3200 dbtis
455 3136 488 3198 et
512 3129 737 3198 dotalieiorum
762 3146 910 3212 suorum,
940 3148 981 3194 ao
1007 3128 1149 3196 omnium
1173 3149 1281 3196 rerum
1310 3135 1463 3216 tempore

347 3237 536 3324 nupeiarum
553 3255 660 3304 seeum
671 3238 855 3322 allatarum,
874 3257 978 3322 usque
988 3237 1110 3304 exitum
1128 3236 1195 3304 uite
1212 3256 1272 3304 sue
1286 3237 1463 3322 possidere

347 3347 485 3433 panifiee
501 3351 533 3412 et
549 3345 676 3430 quiete,
703 3354 813 3414 tamen
829 3347 917 3432 qnod
934 3346 962 3414 si
977 3346 1085 3412 medio
1110 3353 1257 3431 tempore
1272 3344 1464 3413 beniuolen-

349 3457 434 3524 oiam
448 3453 552 3539 ipsius
568 3453 700 3520 domine
716 3453 749 3518 in
773 3462 899 3521 tantum
917 3461 1051 3540 captare
1075 3460 1227 3539 poterunt
1252 3453 1464 3538 effusorem,

349 3563 438 3652 quod
454 3583 513 3650 eye
529 3563 639 3630 dotem
666 3567 699 3627 et
714 3562 870 3630 dotalieia
886 3582 947 3630 sua
972 3562 1155 3650 relaxabit,
1181 3560 1335 3631 consistit
1356 3564 1391 3628 in
1408 3581 1465 3628 ar·

351 3675 451 3744 bitrio
467 3671 598 3741 domine
608 3677 808 3759 memorate;
829 3671 879 3738 sui
898 3676 1024 3754 autem,
1040 3669 1162 3739 dietam
1187 3677 1310 3738 terram
1326 3669 1468 3755 propria

351 3783 492 3872 peounis
506 3778 664 3850 redimere
679 3781 894 3865 tenebuntur,
909 3784 943 3847 et
958 3779 987 3846 si
1002 3779 1162 3848 redimere
1180 3798 1246 3848 non
1261 3779 1464 3869 ourausrint,

352 3893 515 3982 prefatam
530 3895 653 3956 terram
669 3885 849 3974 uendendi,
875 3887 1020 3956 donandi
1036 3908 1094 3956 seu
1119 3888 1252 3973 legendi
1275 3907 1334 3972 pro
1350 3887 1471 3954 anima

354 4023 416 4072 sua
430 4001 485 4068 uel
499 4004 671 4085 parentum
687 4017 818 4065 snorum
828 3997 966 4065 liberam
975 3993 1110 4066 habebit
1126 3997 1317 4065 facultatem
1328 3995 1471 4064 domina

353 4113 535 4197 prenotata
561 4105 754 4192 obligantes
770 4125 807 4173 se
830 4111 942 4191 partes
963 4107 998 4172 in
1022 4106 1125 4174 nostri
1148 4106 1321 4192 preseneia
1343 4113 1464 4176 mutuo

355 4216 420 4285 lide
436 4216 533 4298 data,
549 4213 636 4300 quod
651 4233 713 4283 neo
729 4213 861 4281 domina
878 4213 1051 4297 caterina,
1077 4233 1139 4280 neo
1157 4215 1305 4282 Abraam
1320 4234 1394 4282 oum
1413 4234 1469 4282 oo·

356 4325 464 4414 gnatis
479 4323 547 4392 suis
562 4323 779 4410 supradietis,
797 4329 913 4392 eontra
929 4322 1069 4392 eandem
1086 4323 1254 4391 dominam
1270 4322 1370 4409 litem,
1389 4344 1471 4395 oon-

359 4433 540 4502 teneionem
554 4431 608 4497 uel
635 4429 768 4514 aliquod
784 4431 935 4499 iniurium
955 4431 1163 4516 excitabunt,
1187 4449 1297 4516 ymmo
1313 4433 1404 4500 omni
1421 4432 1474 4503 ia-

360 4561 438 4612 uore
454 4545 486 4608 et
501 4538 698 4623 dileeeione,
724 4558 822 4624 quam
837 4545 992 4626 poterunt
1001 4587 1010 4622 ,
1036 4558 1074 4606 se
1088 4546 1200 4625 partes
1216 4544 1323 4606 mutuo
1340 4539 1471 4627 impen-

357 4654 434 4722 dere
449 4650 652 4718 tenebuntur.
680 4649 718 4715 In
734 4647 824 4718 euius
841 4649 888 4716 rei
904 4649 1094 4720 memoriam
1117 4655 1290 4736 presentes
1311 4649 1470 4723 dedimus
