3188 5238
895 951 950 1016 10.

365 1148 560 1236 Eppeabedte
576 1148 701 1235 prrpy
717 1149 832 1212 brairi
846 1145 930 1233 prof,
948 1145 1086 1212 Amaia
1101 1151 1195 1212 vetros
1210 1147 1352 1232 naues,
1372 1149 1404 1210 ets
1420 1147 1483 1212 Μο-

366 1259 464 1322 rosini
484 1257 585 1342 Roper
602 1257 721 1341 Jadrai
735 1257 813 1340 pref
833 1256 913 1340 boat,
930 1253 1067 1340 melybeu
1083 1256 1272 1340 cppmdonak
1288 1260 1332 1319 tta
1348 1258 1418 1320 ecre
1440 1255 1484 1318 bt-

364 1366 495 1450 keocc‘pet
505 1363 684 1449 fopadoalt‚
710 1363 843 1449 Spalato
861 1365 954 1426 curos
985 1365 1017 1428 e'o
1041 1362 1111 1427 sobo
1128 1363 1246 1448 jado-ai
1255 1363 1375 1449 polpc'o·
1390 1362 1484 1427 bezec·

759 1474 826 1556 ⁸69⁶
842 1469 963 1536 mellctt.
990 1472 1087 1536 1294.

471 1690 509 1756 In
522 1687 643 1755 Christi
658 1687 788 1754 nomine
814 1688 927 1755 Amen.
950 1689 1043 1756 Anno
1060 1685 1307 1754 Inoarnacionis
1328 1686 1404 1772 ejus
1419 1685 1484 1751 mil·

364 1799 478 1868 lesimo
504 1796 724 1866 ducentesimo
751 1797 965 1880 nonagesimo
981 1803 1097 1880 quarto
1118 1795 1308 1864 Indicoioue
1331 1792 1481 1876 vl1.‚die

364 1907 535 1976 Dominioo
552 1906 706 1974 XXVIII.
724 1907 839 1974 Marcii
853 1903 1003 1973 dominus
1020 1905 1184 1990 Georgius
1201 1905 1319 1974 (tomes
1336 1903 1485 1970 Berberi·

366 2016 454 2082 ensis
480 2010 727 2100 (Brebiriensis)
754 2012 967 2098 solempniter
983 2013 1085 2095 inivit,
1112 2013 1190 2079 fecit
1207 2021 1239 2078 et
1264 2011 1412 2079 firmavit
1428 2030 1482 2097 pro

368 2128 492 2209 seipso
509 2131 541 2191 et
557 2132 656 2208 gente
675 2143 752 2206 sua,
780 2142 819 2189 ao
834 2123 975 2193 subditis
992 2124 1073 2206 suis,
1090 2131 1124 2190 et
1139 2124 1269 2188 nomine
1296 2122 1483 2190 (iommnnis

366 2239 398 2298 et
413 2232 579 2298 hominum
596 2229 725 2298 Aimisii
741 2250 873 2316 meram,
892 2251 1008 2316 puram
1025 2237 1057 2298 et
1074 2231 1200 2297 brutam
1217 2235 1367 2315 treugam
1386 2250 1485 2316 usquo

366 2341 411 2408 ad
435 2338 547 2409 decem
573 2357 676 2409 annos
701 2338 872 2406 continuos
898 2345 930 2404 et
956 2339 1138 2424 completos
1167 2358 1239 2405 oum
1261 2338 1399 2422 egregio
1416 2342 1482 2410 viro

365 2449 496 2517 domino
512 2446 652 2534 Rogerio
673 2447 868 2514 Macrooeno
884 2445 1036 2514 Jadrensi
1053 2445 1178 2512 stomite
1194 2444 1366 2530 recipienti
1383 2455 1417 2514 et
1433 2451 1484 2518 sti·

364 2557 492 2642 pulauti
516 2554 646 2620 nomine
675 2562 708 2620 et
732 2554 804 2620 vioe
819 2556 959 2622 illustris
986 2554 1108 2620 domini
1134 2554 1235 2622 Ducis
1262 2553 1482 2643 venetiarum,

365 2665 551 2732 Communis
568 2669 599 2730 ct
615 2661 781 2729 hominum
803 2663 952 2730 Civitatis
970 2665 1135 2746 ciusdem,
1162 2682 1305 2732 necnon
1322 2665 1481 2732 habitato-

366 2794 443 2856 rum,
461 2771 615 2856 fidelium,
633 2773 852 2857 subjectorum
871 2779 904 2840 et
926 2771 1174 2842 districtualium
1192 2793 1332 2842 suorum.
1351 2776 1482 2841 Promit-

368 2891 440 2948 tens
457 2864 622 2966 predictus
639 2879 789 2947 dominus
809 2881 924 2948 Comes
942 2881 1102 2963 Georgius
1114 2879 1261 2964 predicto
1278 2880 1412 2950 domino
1428 2885 1483 2948 Ro·

365 2990 454 3074 gorio
472 2988 831 3056 MaurocenoJadrensi
842 2989 978 3074 Combe,
995 2989 1173 3074 recipiente
1190 2997 1223 3056 et
1239 2988 1419 3074 stipulante
1430 3011 1480 3058 no·

365 3100 451 3166 mino
468 3097 607 3184 predicti
624 3096 748 3164 domini
763 3097 877 3182 Ducis,
888 3097 1075 3164 Communis
1092 3103 1125 3164 et
1140 3097 1306 3164 hominum
1327 3099 1479 3193 Venecia

365 3228 445 3290 rum,
462 3213 496 3272 ut
511 3206 695 3291 predictum
721 3212 780 3289 est,
807 3203 892 3288 qnod
910 3205 981 3290 ipse
998 3224 1058 3292 per
1075 3225 1110 3272 se
1128 3212 1161 3272 et
1179 3224 1266 3293 suos,
1284 3225 1324 3272 ac
1346 3227 1407 3292 per
1422 3211 1481 3276 ho·

367 3317 470 3384 mines
487 3315 615 3384 Almisii
631 3335 695 3382 non
712 3311 855 3381 offendet
871 3333 933 3382 nco
948 3312 1070 3381 offendi
1087 3315 1186 3382 faciet
1203 3315 1256 3380 vel
1272 3317 1439 3399 permittet
1453 3319 1482 3383 in

367 3425 514 3512 personis
530 3427 582 3492 vel
597 3427 696 3494 rebus
714 3422 889 3490 Commune
905 3431 938 3490 et
954 3421 1101 3490 homines
1120 3425 1347 3510 Veueciarum,
1364 3425 1484 3493 habita·

235 3541 245 3556 '
369 3543 467 3618 tores,
484 3533 607 3615 fideles,
621 3533 842 3602 districtuales
859 3551 917 3598 seu
937 3531 1085 3602 subditos
1102 3532 1183 3600 dicti
1198 3531 1319 3599 domini
1336 3531 1440 3602 Ducis
1455 3542 1484 3603 et

368 3642 554 3713 Communis
571 3642 789 3710 veneciarum
809 3642 926 3709 tamin
942 3641 1043 3726 mari,
1070 3661 1165 3726 quam
1184 3641 1217 3707 in
1238 3647 1336 3725 terra,
1353 3661 1414 3710 neo
1430 3643 1483 3711 ali-

367 3773 466 3838 quam
482 3759 602 3820 terram
620 3771 679 3818 seu
699 3749 805 3816 locum
822 3749 1019 3816 existentem
1046 3749 1105 3816 sub
1123 3749 1266 3817 dominio
1284 3750 1408 3817 domini
1423 3752 1484 3817 Du-

368 3863 415 3930 cis
431 3859 592 3946 predicti5
609 3859 670 3926 sed
681 3877 737 3928 eos
753 3878 865 3925 omnes
877 3863 909 3924 et
925 3859 1072 3944 singulos
1089 3877 1199 3924 eorum
1215 3857 1351 3925 habebit
1367 3859 1484 3945 salvos,

367 3980 399 4039 et
424 3989 555 4040 securos
581 3970 713 4052 ubique.
737 3968 820 4034 Item
845 3969 956 4036 eodem
978 3966 1073 4034 modo
1092 3967 1249 4054 promisit,
1268 3969 1355 4052 quod
1371 3970 1401 4037 si
1417 3970 1485 4056 ipse

367 4084 432 4147 tam
450 4100 510 4166 per
526 4099 582 4164 se,
609 4084 641 4147 et
657 4097 751 4162 suos,
768 4095 924 4162 qamper
950 4075 1098 4145 homines
1125 4075 1253 4143 Almisii
1279 4085 1485 4164 acceptasset

367 4189 492 4274 aliquid
502 4188 785 4258 contrahonorem
801 4184 880 4254 dicti
891 4183 1014 4253 domini
1025 4195 1058 4254 et
1069 4185 1258 4256 (iommunis
1270 4183 1483 4255 Veueciarum

369 4297 410 4365 de
425 4304 513 4366 terra
528 4300 629 4366 Ferre
646 4305 678 4364 et
693 4295 806 4377 Braze,
824 4294 877 4360 vel
894 4293 935 4361 de
951 4293 1063 4378 aliqua
1079 4301 1168 4362 terra
1184 4295 1238 4362 vel
1255 4296 1328 4364 loco
1345 4295 1484 4364 habente

368 4409 539 4475 Rectorem
554 4425 612 4490 pro
629 4402 714 4472 dicto
741 4399 872 4468 domino
888 4403 1000 4486 Duce,
1017 4403 1164 4484 interris
1181 4403 1248 4470 suis
1265 4405 1318 4472 vel
1334 4404 1400 4474 sibi
1415 4407 1482 4472 sub·

363 4515 472 4600 jectis,
486 4511 667 4582 removebit
681 4528 717 4575 se
734 4509 776 4577 de
785 4507 974 4594 hujusmodi
990 4517 1253 4600 acceptamento,
1270 4513 1363 4580 etde
1380 4519 1482 4582 cetero

370 4629 482 4696 contra
498 4623 651 4691 honorem
664 4623 737 4707 ejus
750 4638 814 4686 non
833 4619 1020 4704 acceptabit
1036 4610 1177 4706 amplius
1189 4623 1230 4690 de
1247 4622 1343 4692 terris
1361 4631 1394 4692 et
1407 4621 1481 4692 locu
