3188 5238
406 634 478 682 mus
501 612 618 681 merito
641 609 758 694 Regali
778 613 911 695 grauis,
935 611 1049 680 fauore
1073 619 1107 678 et
1127 611 1305 682 donatione
1324 613 1514 700 amplexari,

405 723 447 791 ob
462 721 642 788 remedium
651 719 759 786 anime
769 727 881 786 nostre
896 725 931 784 et
940 737 1031 804 spem
1047 718 1153 786 future
1166 720 1337 789 lelinitatis
1353 724 1514 805 quandum

404 841 524 898 terram
539 827 798 898 wtluoruieorum
812 833 997 898 nostrorum
1012 829 1153 917 'Pboyou
1180 839 1328 898 noestam
1345 831 1437 899 iuxta
1454 833 1513 900 Bs-

403 937 538 1006 latinum
556 936 590 1003 in
614 934 775 1004 (lumitatu
793 935 984 1004 Zalstlieusi
999 937 1203 1018 existentem,
1232 957 1304 1004 eum
1329 939 1513 1007 vduoruiois

402 1047 524 1115 uostris
540 1064 638 1132 super
653 1041 770 1112 eadem
785 1043 1004 1112 residentibus
1020 1045 1115 1114 Boule
1130 1046 1296 1129 videlieet,
1305 1047 1431 1135 Zoton,
1442 1049 1513 1117 Gus-

401 1155 519 1243 ebyno,
536 1154 687 1240 Georgio,
706 1153 917 1238 Sebastiano,
933 1150 1104 1236 Ledislao,
1125 1155 1309 1238 Dominieo,
1326 1157 1514 1244 Seemeyno,

401 1263 543 1333 llettbis
558 1270 593 1331 et
607 1264 702 1330 Petro
717 1282 788 1330 euru
798 1261 867 1328 suis
884 1260 1062 1330 heredibus
1075 1262 1294 1347 heredumque
1304 1284 1436 1331 suorum
1445 1284 1513 1332 sue·

402 1371 601 1456 sessoribus,
617 1388 699 1453 quos
724 1368 852 1452 quidem
871 1369 1070 1438 rduomieos
1087 1371 1236 1439 domiuus
1253 1375 1322 1439 llex
1338 1375 1423 1440 Bela
1438 1393 1514 1440 auus

401 1487 513 1548 noster
529 1481 618 1546 clare
634 1477 788 1544 memorie
802 1477 846 1544 de
860 1477 1086 1546 castrensibus
1102 1480 1204 1545 castri
1219 1480 1473 1565 vesprimiensis
1482 1483 1512 1548 iu

402 1587 624 1655 eondieiouem
640 1585 892 1652 sduoruioorum
909 1587 1131 1670 transtulerat,
1142 1587 1176 1653 in
1191 1587 1309 1654 eadem
1325 1589 1514 1657 eondieioue

401 1716 467 1780 qua
483 1694 771 1781 predeeessoribus
796 1693 919 1762 nostris
935 1693 1038 1778 ijdem
1054 1694 1233 1762 uduorniei
1254 1699 1446 1782 seruieruut,
1462 1699 1513 1766 de·

402 1805 516 1886 dimus,
535 1801 730 1871 donanimus
746 1807 781 1867 et
800 1801 994 1870 contulimus
1012 1801 1075 1888 ipsi
1091 1804 1290 1869 monasterio
1314 1806 1412 1873 Beati
1427 1806 1510 1872 Mau

403 1913 474 1980 rieii
490 1913 533 1980 de
548 1910 628 1979 Beel
643 1909 704 1976 sub
720 1907 843 1977 eisdem
858 1910 966 1995 metis,
982 1909 1128 1979 terminis
1145 1919 1178 1977 et
1193 1911 1371 1996 limitibus,
1400 1914 1513 1995 quibus

400 2021 474 2106 ipsa
489 2026 578 2086 terra
591 2018 732 2104 Tboyou
758 2023 905 2102 tempore
919 2016 1024 2102 ipsius
1040 2019 1141 2103 Regis
1159 2020 1239 2085 Bele
1265 2039 1325 2104 per
1349 2021 1513 2105 predietos

399 2127 605 2196 wduomieos
621 2132 753 2193 nostros
779 2125 927 2203 Bodum,
944 2125 1057 2193 Zobou
1066 2175 1076 2212 ,
1092 2126 1308 2211 Oraobiuum,
1327 2128 1510 2212 Georgium,

401 2231 1511 2325 Gregorium(tgy),Sebastinuum,Ladislaum,Domiuioum,Seemep·

401 2367 489 2428 num,
509 2343 679 2412 llattbiam
696 2349 729 2409 et
745 2344 874 2409 Petrum
889 2343 1016 2427 babitu,
1027 2343 1164 2408 limitata
1179 2342 1287 2410 fuerat
1297 2351 1330 2410 et
1346 2365 1510 2430 possessa,

401 2462 436 2522 et
459 2454 597 2522 eandem
622 2460 740 2519 terram
766 2450 903 2538 Tboyou
929 2470 1000 2517 oum
1020 2453 1168 2518 omuibus
1186 2452 1383 2520 utilitatibus
1400 2454 1512 2524 suiset

400 2561 614 2653 portineuoiis
630 2560 792 2628 uniuersis
807 2580 849 2626 so
867 2579 939 2626 eum
955 2560 1153 2628 uduornieis
1169 2561 1290 2629 uostris
1306 2563 1510 2645 prenomina-

400 2673 454 2756 tis,
469 2673 535 2738 ism
550 2669 638 2736 dioto
656 2669 853 2736 monasterio
870 2677 982 2736 nostro
997 2668 1040 2736 de
1054 2670 1133 2736 Beel
1150 2688 1207 2755 per
1223 2669 1416 2755 magistrum
1434 2673 1509 2738 Leu-
1583 2707 1586 2716 ·

400 2780 550 2848 reutbsm
561 2778 717 2846 Comitem
730 2776 1005 2864 vesprimiensem
1016 2779 1172 2846 dilectum
1182 2783 1216 2844 et
1224 2778 1355 2844 fidelem
1370 2786 1511 2848 nostrum

400 2888 535 2957 leoimus
551 2887 724 2973 assignari.
742 2887 784 2952 vt
800 2888 898 2971 igitur
908 2886 1003 2953 buius
1018 2895 1130 2955 nostre
1147 2885 1510 2956 douaoiouisseriesro·

401 2997 461 3064 bur
486 2995 634 3064 obtineat
659 3000 816 3080 perpetue
841 2992 1021 3074 firmitatis,
1056 3013 1116 3061 nee
1147 3013 1304 3081 prooessu
1331 3001 1510 3080 temporum

401 3123 458 3191 per
483 3103 667 3186 quempiam
692 3120 913 3171 suceessorum
931 3109 1112 3169 nostrorum
1141 3103 1254 3170 valeat
1269 3105 1442 3171 retraetari
1461 3104 1510 3170 sel

399 3213 435 3279 in
450 3211 574 3277 irritum
591 3210 802 3296 aliquatenus
818 3211 975 3292 reuocari,
995 3216 1166 3294 presentes
1182 3211 1288 3277 eidem
1312 3212 1509 3280 monasterio

403 3320 515 3390 Sauoti
529 3319 675 3388 Maurioii
686 3319 907 3388 concessimus
923 3319 1052 3389 litteras
1063 3319 1206 3404 dupliois
1216 3319 1318 3402 sigilli
1335 3321 1438 3388 nostri
1448 3339 1509 3385 mu-

402 3428 523 3497 nimine
547 3429 727 3496 roboratas.
755 3427 879 3493 Datum
896 3448 954 3514 per
970 3447 1088 3494 manus
1113 3426 1312 3496 venerabilis
1337 3427 1400 3492 viri
1416 3425 1510 3512 magi-

402 3535 792 3606 striTheodoriAlbeusis
802 3533 1123 3620 lloolesiePrepositi
1133 3535 1208 3602 aule
1219 3534 1511 3602 nostreVieoGon·

403 3645 530 3716 sellarii
545 3642 657 3711 dileoti
673 3650 705 3708 ot
720 3641 828 3721 tidelis
845 3641 947 3710 nostri
961 3660 1046 3710 auno
1075 3640 1208 3708 Domini
1222 3640 1270 3706 M⁰
1286 3639 1357 3710 00⁰
1372 3661 1510 3726 nonage-

402 3754 484 3822 simo
500 3751 644 3822 seeundo
660 3750 832 3820 vudsoimo
841 3749 1004 3818 kalendas
1020 3749 1191 3817 Februarii
1207 3749 1314 3834 Regni
1329 3756 1441 3842 autem
1455 3769 1509 3816 no·

403 3863 463 3934 stri
479 3881 565 3930 anuo
581 3858 737 3928 seeundo.

567 4054 714 4124 (Eredetie
727 4073 745 4112 a
758 4071 799 4112 su.
813 4052 934 4111 mirtoui
947 4049 1101 4125 fbspitstlg
1118 4048 1343 4124 levelttrtban.)
