3188 5238
809 393 926 495 .-6.6-
958 487 969 492 -

330 595 458 666 litteras
485 592 629 683 duplicis
654 592 755 680 sigilli
780 597 882 665 nostri
908 593 1084 662 munimine
1110 591 1294 665 roboratas.
1326 594 1446 660 Datum

328 727 387 794 per
402 722 516 772 manus
534 703 666 774 discreti
680 704 743 771 viri
770 705 919 790 magistri
932 703 1099 772 Theodori
1122 703 1276 772 Albensis
1293 701 1444 772 Ecclesie

328 813 493 900 Prepesiti
509 814 585 880 aule
601 819 710 880 nostre
721 813 1028 898 wine-(lancellarij
1040 811 1151 881 dilecti
1161 819 1195 879 et
1210 811 1318 881 tidelis
1333 811 1446 897 nostri,

328 939 414 987 anno
430 919 562 987 Domini
578 921 629 988 Μ6
645 919 717 990 00⁰
731 922 944 1007 nonagesimo
967 921 1120 1010 secundo,
1139 921 1266 991 decimo
1281 919 1445 987 kalendas

328 1027 428 1116 Julij‚
454 1029 642 1097 indiccione
659 1030 771 1115 quinta
780 1086 790 1120 ,
816 1032 919 1118 Regni
937 1037 1044 1098 autem
1061 1031 1164 1099 nostri
1180 1049 1267 1098 auno
1290 1029 1444 1097 secundo.

399 1225 547 1300 (Eredetie
561 1244 579 1282 a
591 1225 619 1282 b.
633 1225 815 1300 Wesseleuyi
829 1226 927 1286 enarro
939 1225 1147 1287 levdltdrdban.
1162 1226 1243 1282 Scato
1253 1223 1374 1296 Korde.)

859 2053 915 2120 ts.

327 2253 394 2322 III.
405 2254 511 2320 Essem
520 2253 626 2340 tirdlp
636 2252 779 2340 Soprorry
788 2233 1048 2338 odroapolpdrait
1056 2253 1170 2338 jopoilr
1179 2253 1267 2317 a'rdrrt
1277 2251 1442 2338 biztomjo.

839 2359 1084 2487 1292m22u.

433 2559 583 2629 Andreas
594 2559 657 2626 Dei
672 2561 785 2642 gracia
801 2560 870 2625 Rex
886 2556 1055 2640 Hungarie
1066 2557 1216 2627 fidelibus
1227 2555 1298 2625 suis
1318 2555 1439 2624 uniuer-

328 2669 374 2738 sis
391 2667 515 2736 ciuibus
532 2689 590 2737 seu
606 2669 789 2755 hospitibus
815 2666 855 2734 de
875 2666 1035 2752 Suprouio
1060 2667 1199 2735 salutem
1226 2671 1258 2732 et
1284 2665 1439 2752 graciam.

327 2776 412 2856 Quia
426 2777 584 2845 Comitem
600 2779 765 2864 Vlwyrum
782 2783 815 2842 et
834 2775 1023 2859 magistrum
1040 2773 1203 2841 Andrean
1226 2775 1379 2840 conuiuas
1390 2793 1440 2840 ve·

328 2891 414 2953 stros
440 2904 511 2952 curn
527 2886 643 2953 litteris
659 2885 778 2954 vestris
803 2883 846 2950 ad
870 2903 930 2949 nos
956 2882 1000 2951 ad
1026 2889 1139 2968 partes
1157 2889 1224 2947 tam
1240 2887 1384 2948 remotus
1399 2880 1442 2947 ad

327 2992 525 3061 visitandam
541 3012 715 3077 personam
730 2997 887 3076 nostram,
903 3000 937 3059 et
959 2992 1004 3059 ad
1028 2990 1267 3076 propalandam
1284 2991 1441 3072 querimo-

327 3101 413 3167 niam
429 3107 574 3170 vestram
590 3101 635 3168 ad
651 3120 711 3168 uos
728 3100 967 3186 transmisistis,
978 3099 1128 3168 fidelitati
1145 3098 1378 3166 Universitatis
1388 3116 1439 3165 ve-

326 3214 394 3276 stre
410 3209 580 3277 referimus
596 3210 715 3277 multas
731 3211 881 3294 gracias3
908 3207 1141 3294 propterquod
1156 3206 1309 3276 nimirum
1329 3206 1362 3270 in
1379 3226 1441 3272 om-

325 3317 421 3384 nibus
438 3318 573 3386 lecimus
590 3326 622 3386 et
637 3319 793 3386 iaciemus
809 3317 1020 3385 voluntatem.
1042 3315 1149 3403 Super
1166 3338 1205 3385 eo
1222 3321 1340 3399 autem,
1359 3314 1442 3397 quod

327 3426 519 3511 magistrum
530 3426 714 3495 iohannem
725 3427 882 3494 Comitem
892 3427 1146 3513 Soprouiensem
1163 3433 1197 3494 et
1207 3424 1367 3492 domitam
1383 3422 1442 3490 Oa-

327 3534 387 3599 stui
402 3533 515 3598 Ferrei
530 3533 626 3601 vobis
642 3533 675 3598 in
700 3533 910 3619 capitaneum
924 3532 1141 3620 prefecimus,
1167 3533 1338 3620 noueritis,
1355 3533 1442 3617 quod

326 3661 390 3707 non
406 3639 554 3726 fecimus,
569 3640 666 3708 immo
679 3641 946 3710 conseruabimus
963 3661 1021 3709 vos
1038 3642 1072 3708 in
1088 3643 1147 3709 illa
1163 3648 1196 3710 et
1213 3641 1329 3709 eadem
1345 3641 1441 3709 liber-

325 3755 396 3816 tate
413 3755 540 3835 vestra,
565 3750 598 3815 in
615 3769 679 3832 qua
695 3770 716 3815 a
740 3755 887 3834 ternpore
903 3749 1103 3819 dominorum
1120 3753 1200 3818 Bele
1222 3757 1254 3817 et
1270 3751 1441 3836 Stephani,

325 3860 502 3928 illustrium
518 3861 641 3946 Regum
666 3860 833 3946 Hungarie
850 3859 992 3927 felicium
1018 3860 1291 3946 recordacionem,
1313 3859 1441 3929 carissi-

326 3988 449 4036 morum
464 3989 600 4037 auorum
616 3978 808 4056 nostrorum,
819 3969 910 4038 iuxta
923 3970 1067 4057 ipsorum
1082 3970 1320 4039 continenciam
1342 3968 1442 4056 priui-

327 4076 485 4163 legiorum
515 4077 744 4164 permansistis
770 4079 1006 4165 usquemodo.
1033 4079 1074 4144 iit
1098 4079 1131 4146 id
1156 4077 1250 4148 vobis
1281 4077 1441 4146 faciemus

328 4185 409 4253 data
424 4186 488 4253 iide
504 4193 620 4254 nostra
636 4186 762 4272 Regali,
779 4194 813 4252 et
837 4184 944 4254 adhue
960 4187 993 4251 in
1009 4185 1155 4271 pluribus
1171 4194 1316 4255 vestram
1332 4207 1442 4272 preca-

328 4293 453 4360 aionem
469 4293 696 4379 admittemns3
713 4296 796 4363 sicut
812 4295 844 4360 in
860 4294 1012 4362 libertate
1028 4302 1139 4363 vestra
1154 4295 1366 4382 priuilegium
1382 4297 1440 4362 Re·

328 4401 380 4488 gis
395 4403 544 4470 Ladislai
555 4405 706 4489 continet,
718 4409 751 4470 et
766 4409 876 4472 nostro
887 4403 1151 4474 confirmauimus
1164 4406 1352 4491 priuilegio.
1363 4407 1441 4472 Item

327 4511 554 4594 concessimus,
573 4511 658 4596 quod
674 4511 863 4597 sagittarios
874 4513 1020 4597 populos,
1039 4531 1120 4596 quos
1137 4513 1288 4581 dominus
1304 4511 1439 4599 Stepha-

327 4639 389 4687 nus
405 4628 437 4686 et
460 4618 608 4688 dominus
633 4619 806 4688 Ladislaus
831 4623 941 4706 Reges
966 4621 1060 4689 vobis
1076 4621 1109 4687 in
1127 4621 1267 4706 populos
1284 4627 1317 4689 et
1335 4627 1441 4692 socios

328 4730 534 4814 deputarunt,
550 4725 760 4812 relinquimus
777 4735 809 4797 et
820 4747 879 4797 nos
893 4729 999 4816 robis,
1019 4729 1052 4797 in
1069 4730 1186 4799 eadem
1202 4729 1355 4800 libertate
1372 4749 1438 4818 per·
