3262 5242
640 369 790 471 Aa.

153 568 240 636 toris
258 574 290 636 et
305 571 338 636 in
356 567 471 638 eadem
488 567 558 636 Deo
585 567 818 635 famulantibus
837 589 895 654 pro
912 575 1079 656 tempore,
1105 573 1276 659 Preposito

153 677 287 746 scilicet
305 685 337 746 et
353 678 528 763 Capitulo,
555 696 619 745 vna
636 697 708 744 cum
735 679 802 744 suis
818 679 916 746 terris
934 685 966 746 et
981 679 1175 747 utilitatibus
1200 684 1277 768 aliJ's

153 785 330 868 omuibus,
355 789 426 855 iure
443 794 475 854 et
491 791 656 872 potestate
672 787 824 871 perpetui
840 791 872 854 et
897 785 1124 855 irreuocabilis
1141 788 1275 873 dominij

152 892 400 981 deuehendos,
428 901 460 960 et
475 891 613 979 pacifice
639 913 678 961 ao
696 894 843 978 plenarie
871 895 1111 976 relinquendos.
1135 896 1173 962 ln
1188 897 1277 965 cuius

152 1024 219 1089 rey
235 1009 427 1088 perpetuam
449 1001 634 1068 firmitatem
653 1009 685 1070 et
701 1003 891 1068 memoriam
902 1003 1138 1087 'sempiternam
1164 1005 1208 1072 ad
1224 1027 1274 1074 ro·

151 1111 318 1182 lacionem
336 1111 521 1179 eorumdem
547 1109 748 1176 dominorum
765 1116 799 1175 et
820 1109 981 1176 sociorum
997 1131 1036 1177 ac
1053 1105 1204 1193 (fratrum
1220 1135 1275 1181 no·

152 1218 314 1306 st)r0rum
340 1239 466 1287 necnon
501 1219 636 1284 aliorum
670 1217 835 1284 hominum
861 1215 1081 1302 predictorum
1107 1225 1276 1302 presentes

151 1328 271 1394 literas
289 1326 389 1412 sigilli
415 1329 519 1392 nostri
543 1327 744 1410 appensione
759 1331 792 1392 et
817 1324 993 1392 munimine
1018 1323 1168 1393 dedimus
1194 1313 1276 1394 com·

153 1435 313 1502 munitas.
344 1433 463 1500 Datum
489 1453 548 1519 per
574 1451 690 1500 manus
716 1432 850 1500 discreti
866 1431 928 1498 viri
953 1433 1099 1520 magistri
1117 1433 1277 1520 Cypriani

153 1544 308 1612 Ecclesia
326 1581 367 1591 -
384 1578 427 1588 -
443 1577 486 1589 —
508 1580 544 1588 —
561 1539 695 1609 Domini
711 1541 760 1607 ΜΘ
773 1541 1063 1627 00⁰ncnagesimo
1079 1542 1194 1628 primo,
1212 1549 1274 1610 ter-

154 1651 210 1718 cio
226 1653 338 1718 Nonas
358 1648 570 1734 Septembris.

154 1879 291 1952 (Halmya.
319 1878 523 1952 Apeosetnok
546 1879 617 1936 csak
637 1877 785 1953 keksarga
806 1879 932 1950 asinorja
954 1897 1012 1935 van
1035 1897 1109 1953 meg.
1131 1878 1275 1950 Poasony·

153 1969 309 2044 kaptalani
328 1967 555 2044 maganleveltar
569 1967 666 2042 Capsa
680 1967 701 2024 C
715 1969 797 2025 Faue.
810 1968 835 2022 4.
849 1967 917 2023 Nro.
930 1969 973 2024 34.
987 1969 1081 2026 Ruvid
1093 1969 1275 2026 kivonatban

412 2059 542 2131 Feje'rndl
556 2059 625 2116 Cod.
639 2060 719 2132 Dipl.
733 2059 781 2115 VI.
795 2059 818 2114 Ῑ.
832 2061 891 2116 189.
911 2057 1023 2129 Kncaa.)

693 3119 752 3188 33.

160 3377 356 3462 Upyaaoaoa
372 3375 473 3439 Jooos
483 3427 491 3461 ‚
503 3337 656 3460 pozsoaya'
671 3348 863 3462 odrjobbopy
880 3375 1050 3464 (odraopy)
1060 3427 1069 3462 ,
1081 3339 1083 3342 Ι
1095 3401 1116 3440 o
1126 3379 1277 3462 poasoaya'

147 3482 403 3569 fiitcmplomaolc
427 3483 658 3588 adcopdayozzo
673 3483 923 3570 acpreadclcts'lep
939 3507 1043 3572 oppon
1063 3485 1165 3550 Titane
1182 3485 1276 3551 hirto·

403 3591 469 3653 aaa
485 3589 595 3676 Atirjo
611 3612 631 3652 a
646 3591 736 3676 pylim'
751 3592 916 3680 kdptaloa.
934 3595 1031 3660 1291.

268 3827 336 3892 Nos
352 3824 539 3909 Capitulum
565 3825 715 3894 Ecclesia
731 3826 913 3896 lentiensis
939 3829 1092 3896 memorie
1116 3838 1273 3894 commen·

158 3933 281 4000 dantes
307 3933 531 4016 significamus
555 3933 738 4015 uniuersis,
766 3934 883 4017 quibus
912 3937 1043 4021 expedit
1068 3934 1274 4019 presencium

158 4061 219 4126 per
235 4046 400 4115 tenorem,
428 4041 514 4122 quod
540 4039 736 4107 accedentes
762 4041 804 4109 ad
829 4050 976 4110 nostram
1002 4044 1207 4128 presenciam
1225 4043 1272 4110 di-

110 4163 113 4166 ·
159 4150 262 4216 scroti
279 4151 339 4216 viri
364 4149 513 4232 magistri
536 4149 688 4231 Andreas
714 4149 919 4232 etNicolaus
942 4150 1100 4218 Canonici
1115 4149 1274 4218 *Ecclesia

157 4255 370 4322 Posoniensis
396 4258 611 4324 exhibuerunt
626 4256 896 4341 nobisquasdam
918 4260 1046 4326 litteras
1065 4261 1214 4338 clausas,
1232 4261 1274 4325 si-

158 4366 239 4452 gillo
257 4364 375 4432 nobilis
401 4374 433 4432 et
459 4366 581 4432 strenui
606 4365 668 4448 viri
690 4365 850 4433 Jolrannis
876 4366 934 4451 filij
952 4367 1041 4433 Petri
1056 4366 1115 4452 filij
1142 4366 1275 4435 Ohukar

156 4475 202 4540 ale
219 4474 381 4541 Comitatu
407 4471 610 4559 Posoniensi}
626 4457 790 4556 sigillatas
800 4523 808 4556 ,
836 4479 985 4556 petentes
1008 4475 1138 4540 nomine
1154 4482 1186 4542 et
1201 4475 1273 4541 viee

158 4581 322 4668 Praepositi
337 4602 377 4649 ac
399 4581 541 4666 Capituli
557 4587 734 4650 memorate
756 4583 946 4665 Posoniensi
963 4583 1120 4666 Ecclesia,
1132 4590 1167 4648 ut
1182 4585 1273 4667 ipsas

157 4693 289 4760 litteras
306 4691 426 4775 aperiri
443 4699 475 4758 et
492 4692 552 4760 sub
568 4697 678 4760 nostro
695 4691 804 4778 sigillo
821 4692 1036 4779 transcriptae
1051 4692 1087 4758 in
1103 4691 1270 4775 publicam
