<?xml version="1.0" encoding="UTF-8"?>
<!DOCTYPE html PUBLIC "-//W3C//DTD XHTML 1.0 Transitional//EN"
    "http://www.w3.org/TR/xhtml1/DTD/xhtml1-transitional.dtd">
<html xmlns="http://www.w3.org/1999/xhtml" xml:lang="en" lang="en">
 <head>
  <title>
</title>
<meta http-equiv="Content-Type" content="text/html;charset=utf-8" />
  <meta name='ocr-system' content='tesseract 3.04.00' />
  <meta name='ocr-capabilities' content='ocr_page ocr_carea ocr_par ocr_line ocrx_word'/>
</head>
<body>
  <div class='ocr_page' id='page_1' title='image "./codexdiplomatic02wenzgoog_0064.png"; bbox 0 0 3262 5242; ppageno 0'>
   <div class='ocr_carea' id='block_1_1' title="bbox 911 358 955 426">
    <p class='ocr_par' dir='ltr' id='par_1_1' title="bbox 911 358 955 426">
     <span class='ocr_line' id='line_1_1' title="bbox 911 358 955 426; baseline 0.023 -1"><span class='ocrx_word' id='word_1_1' title='bbox 911 358 955 426; x_wconf 83' lang='lat'><strong>32</strong></span> 
     </span>
    </p>
   </div>
   <div class='ocr_carea' id='block_1_2' title="bbox 848 449 1014 460">
    <p class='ocr_par' dir='ltr' id='par_1_2' title="bbox 848 449 1014 460">
     <span class='ocr_line' id='line_1_2' title="bbox 848 449 1014 460; baseline 0 0"><span class='ocrx_word' id='word_1_2' title='bbox 848 449 1014 460; x_wconf 69' lang='lat' dir='ltr'><strong>——n—</strong></span> 
     </span>
    </p>
   </div>
   <div class='ocr_carea' id='block_1_3' title="bbox 372 571 1490 1624">
    <p class='ocr_par' dir='ltr' id='par_1_3' title="bbox 372 571 1490 1624">
     <span class='ocr_line' id='line_1_3' title="bbox 376 571 1488 662; baseline 0.004 -24"><span class='ocrx_word' id='word_1_3' title='bbox 376 574 521 639; x_wconf 85' lang='lat' dir='ltr'><strong>mitatem</strong></span> <span class='ocrx_word' id='word_1_4' title='bbox 549 573 671 640; x_wconf 83' lang='lat' dir='ltr'><strong>eisdem</strong></span> <span class='ocrx_word' id='word_1_5' title='bbox 697 571 812 640; x_wconf 78' lang='lat' dir='ltr'><strong>Comiti</strong></span> <span class='ocrx_word' id='word_1_6' title='bbox 837 576 1008 662; x_wconf 86' lang='lat' dir='ltr'><strong>Dionisio,</strong></span> <span class='ocrx_word' id='word_1_7' title='bbox 1036 575 1163 643; x_wconf 73' lang='lat' dir='ltr'><strong>&#39;Rhome</strong></span> <span class='ocrx_word' id='word_1_8' title='bbox 1187 582 1219 640; x_wconf 94' lang='lat' dir='ltr'><strong>et</strong></span> <span class='ocrx_word' id='word_1_9' title='bbox 1244 575 1386 644; x_wconf 86' lang='lat' dir='ltr'><strong>Nicolao</strong></span> <span class='ocrx_word' id='word_1_10' title='bbox 1414 575 1488 643; x_wconf 87' lang='lat' dir='ltr'><strong>liliis</strong></span> 
     </span>
     <span class='ocr_line' id='line_1_4' title="bbox 376 680 1488 769; baseline -0.001 -19"><span class='ocrx_word' id='word_1_11' title='bbox 376 683 443 750; x_wconf 91' lang='lat' dir='ltr'><strong>suis</strong></span> <span class='ocrx_word' id='word_1_12' title='bbox 459 702 499 749; x_wconf 89' lang='lat' dir='ltr'><strong>ac</strong></span> <span class='ocrx_word' id='word_1_13' title='bbox 515 703 623 751; x_wconf 90' lang='lat' dir='ltr'><strong>eorum</strong></span> <span class='ocrx_word' id='word_1_14' title='bbox 640 680 813 750; x_wconf 90' lang='lat' dir='ltr'><strong>heredibus</strong></span> <span class='ocrx_word' id='word_1_15' title='bbox 838 684 1059 766; x_wconf 83' lang='lat' dir='ltr'><strong>heredumque</strong></span> <span class='ocrx_word' id='word_1_16' title='bbox 1077 703 1207 750; x_wconf 89' lang='lat' dir='ltr'><strong>suorum</strong></span> <span class='ocrx_word' id='word_1_17' title='bbox 1230 685 1488 769; x_wconf 88' lang='lat' dir='ltr'><strong>successoribus,</strong></span> 
     </span>
     <span class='ocr_line' id='line_1_5' title="bbox 374 792 1483 878; baseline 0.003 -22"><span class='ocrx_word' id='word_1_18' title='bbox 374 797 410 856; x_wconf 83' lang='lat' dir='ltr'><strong>rt</strong></span> <span class='ocrx_word' id='word_1_19' title='bbox 426 793 540 860; x_wconf 89' lang='lat' dir='ltr'><strong>eedem</strong></span> <span class='ocrx_word' id='word_1_20' title='bbox 556 796 642 858; x_wconf 88' lang='lat' dir='ltr'><strong>terre</strong></span> <span class='ocrx_word' id='word_1_21' title='bbox 658 811 717 878; x_wconf 88' lang='lat' dir='ltr'><strong>per</strong></span> <span class='ocrx_word' id='word_1_22' title='bbox 732 795 821 876; x_wconf 90' lang='lat' dir='ltr'><strong>ipsos</strong></span> <span class='ocrx_word' id='word_1_23' title='bbox 838 813 928 861; x_wconf 88' lang='lat' dir='ltr'><strong>more</strong></span> <span class='ocrx_word' id='word_1_24' title='bbox 944 795 1083 860; x_wconf 88' lang='lat' dir='ltr'><strong>aliorum</strong></span> <span class='ocrx_word' id='word_1_25' title='bbox 1100 792 1258 859; x_wconf 81' lang='lat' dir='ltr'>nobilium</span> <span class='ocrx_word' id='word_1_26' title='bbox 1274 795 1307 859; x_wconf 93' lang='lat' dir='ltr'><strong>iu</strong></span> <span class='ocrx_word' id='word_1_27' title='bbox 1318 793 1483 860; x_wconf 80' lang='lat' dir='ltr'><strong>Comitatu</strong></span> 
     </span>
     <span class='ocr_line' id='line_1_6' title="bbox 375 899 1490 986; baseline 0.002 -22"><span class='ocrx_word' id='word_1_28' title='bbox 375 899 417 966; x_wconf 91' lang='lat' dir='ltr'><strong>de</strong></span> <span class='ocrx_word' id='word_1_29' title='bbox 441 900 574 966; x_wconf 90' lang='lat' dir='ltr'><strong>Zoulum</strong></span> <span class='ocrx_word' id='word_1_30' title='bbox 601 900 828 986; x_wconf 88' lang='lat' dir='ltr'><strong>possessiones</strong></span> <span class='ocrx_word' id='word_1_31' title='bbox 852 902 1045 970; x_wconf 90' lang='lat' dir='ltr'><strong>babencium</strong></span> <span class='ocrx_word' id='word_1_32' title='bbox 1071 901 1361 968; x_wconf 79' lang='lat' dir='ltr'><strong>inretractabiliter</strong></span> <span class='ocrx_word' id='word_1_33' title='bbox 1386 902 1490 986; x_wconf 88' lang='lat' dir='ltr'><strong>possi-</strong></span> 
     </span>
     <span class='ocr_line' id='line_1_7' title="bbox 374 1007 1490 1096; baseline -0.001 -21"><span class='ocrx_word' id='word_1_34' title='bbox 374 1009 444 1075; x_wconf 88' lang='lat' dir='ltr'><strong>deri</strong></span> <span class='ocrx_word' id='word_1_35' title='bbox 459 1008 593 1076; x_wconf 89' lang='lat' dir='ltr'><strong>valeant</strong></span> <span class='ocrx_word' id='word_1_36' title='bbox 610 1017 642 1075; x_wconf 90' lang='lat' dir='ltr'><strong>ct</strong></span> <span class='ocrx_word' id='word_1_37' title='bbox 657 1009 774 1076; x_wconf 87' lang='lat' dir='ltr'><strong>haberi</strong></span> <span class='ocrx_word' id='word_1_38' title='bbox 784 1058 792 1092; x_wconf 90' lang='lat'><strong><em>,</em></strong></span> <span class='ocrx_word' id='word_1_39' title='bbox 818 1017 986 1096; x_wconf 83' lang='lat' dir='ltr'><strong>presentes</strong></span> <span class='ocrx_word' id='word_1_40' title='bbox 1004 1011 1228 1078; x_wconf 89' lang='lat' dir='ltr'><strong>concessimus</strong></span> <span class='ocrx_word' id='word_1_41' title='bbox 1245 1007 1372 1075; x_wconf 83' lang='lat' dir='ltr'><strong>litteras</strong></span> <span class='ocrx_word' id='word_1_42' title='bbox 1390 1009 1490 1093; x_wconf 87' lang='lat' dir='ltr'><strong>dupli-</strong></span> 
     </span>
     <span class='ocr_line' id='line_1_8' title="bbox 375 1117 1490 1204; baseline 0.004 -22"><span class='ocrx_word' id='word_1_43' title='bbox 375 1117 423 1184; x_wconf 91' lang='lat' dir='ltr'><strong>cis</strong></span> <span class='ocrx_word' id='word_1_44' title='bbox 439 1117 541 1204; x_wconf 88' lang='lat' dir='ltr'><strong>sigilli</strong></span> <span class='ocrx_word' id='word_1_45' title='bbox 565 1118 668 1184; x_wconf 88' lang='lat' dir='ltr'><strong>nostri</strong></span> <span class='ocrx_word' id='word_1_46' title='bbox 682 1120 857 1186; x_wconf 88' lang='lat' dir='ltr'><strong>munimine</strong></span> <span class='ocrx_word' id='word_1_47' title='bbox 883 1120 1066 1187; x_wconf 89' lang='lat' dir='ltr'><strong>roboratas.</strong></span> <span class='ocrx_word' id='word_1_48' title='bbox 1085 1119 1206 1185; x_wconf 89' lang='lat' dir='ltr'><strong>Datum</strong></span> <span class='ocrx_word' id='word_1_49' title='bbox 1232 1138 1291 1204; x_wconf 82' lang='lat' dir='ltr'><strong>per</strong></span> <span class='ocrx_word' id='word_1_50' title='bbox 1307 1138 1425 1185; x_wconf 89' lang='lat' dir='ltr'><strong>manus</strong></span> <span class='ocrx_word' id='word_1_51' title='bbox 1443 1119 1490 1186; x_wconf 92' lang='lat' dir='ltr'><strong>di-</strong></span> 
     </span>
     <span class='ocr_line' id='line_1_9' title="bbox 374 1226 1490 1312; baseline -0.002 -18"><span class='ocrx_word' id='word_1_52' title='bbox 374 1228 474 1294; x_wconf 88' lang='lat' dir='ltr'><strong>screti</strong></span> <span class='ocrx_word' id='word_1_53' title='bbox 498 1227 561 1293; x_wconf 89' lang='lat' dir='ltr'><strong>viri</strong></span> <span class='ocrx_word' id='word_1_54' title='bbox 591 1227 739 1312; x_wconf 81' lang='lat' dir='ltr'><strong>magistri</strong></span> <span class='ocrx_word' id='word_1_55' title='bbox 773 1226 938 1294; x_wconf 80' lang='lat' dir='ltr'><strong>Theodori</strong></span> <span class='ocrx_word' id='word_1_56' title='bbox 963 1226 1117 1294; x_wconf 81' lang='lat' dir='ltr'><strong>Albenais</strong></span> <span class='ocrx_word' id='word_1_57' title='bbox 1144 1226 1292 1294; x_wconf 82' lang='lat' dir='ltr'><strong>Ecclesia</strong></span> <span class='ocrx_word' id='word_1_58' title='bbox 1324 1227 1490 1312; x_wconf 87' lang='lat' dir='ltr'><strong>Prepesiti</strong></span> 
     </span>
     <span class='ocr_line' id='line_1_10' title="bbox 373 1337 1488 1426; baseline -0.003 -20"><span class='ocrx_word' id='word_1_59' title='bbox 373 1337 449 1406; x_wconf 82' lang='lat' dir='ltr'><strong>aule</strong></span> <span class='ocrx_word' id='word_1_60' title='bbox 464 1351 575 1405; x_wconf 89' lang='lat' dir='ltr'><strong>nostre</strong></span> <span class='ocrx_word' id='word_1_61' title='bbox 591 1337 892 1426; x_wconf 68' lang='lat' dir='ltr'><strong>vicecancellarii,</strong></span> <span class='ocrx_word' id='word_1_62' title='bbox 905 1337 1015 1405; x_wconf 88' lang='lat' dir='ltr'><strong>dilecti</strong></span> <span class='ocrx_word' id='word_1_63' title='bbox 1033 1345 1064 1403; x_wconf 91' lang='lat' dir='ltr'><strong>et</strong></span> <span class='ocrx_word' id='word_1_64' title='bbox 1075 1337 1185 1404; x_wconf 88' lang='lat' dir='ltr'><strong>fidelis</strong></span> <span class='ocrx_word' id='word_1_65' title='bbox 1196 1337 1310 1420; x_wconf 90' lang='lat' dir='ltr'><strong>nostri,</strong></span> <span class='ocrx_word' id='word_1_66' title='bbox 1326 1355 1414 1402; x_wconf 87' lang='lat' dir='ltr'><strong>anno</strong></span> <span class='ocrx_word' id='word_1_67' title='bbox 1424 1337 1488 1403; x_wconf 90' lang='lat' dir='ltr'><strong>Do-</strong></span> 
     </span>
     <span class='ocr_line' id='line_1_11' title="bbox 373 1444 1489 1535; baseline -0.001 -25"><span class='ocrx_word' id='word_1_68' title='bbox 373 1444 453 1512; x_wconf 92' lang='lat' dir='ltr'><strong>mini</strong></span> <span class='ocrx_word' id='word_1_69' title='bbox 476 1450 520 1512; x_wconf 89' lang='grc' dir='ltr'><strong>Μ.</strong></span> <span class='ocrx_word' id='word_1_70' title='bbox 547 1444 610 1514; x_wconf 82' lang='grc'><strong>00.</strong></span> <span class='ocrx_word' id='word_1_71' title='bbox 636 1449 846 1532; x_wconf 87' lang='lat' dir='ltr'><strong>nonagesimo</strong></span> <span class='ocrx_word' id='word_1_72' title='bbox 871 1449 985 1535; x_wconf 83' lang='lat' dir='ltr'><strong>primo,</strong></span> <span class='ocrx_word' id='word_1_73' title='bbox 1015 1447 1119 1530; x_wconf 83' lang='lat' dir='ltr'><strong>Regni</strong></span> <span class='ocrx_word' id='word_1_74' title='bbox 1145 1451 1254 1514; x_wconf 88' lang='lat' dir='ltr'><strong>autem</strong></span> <span class='ocrx_word' id='word_1_75' title='bbox 1275 1447 1378 1514; x_wconf 87' lang='lat' dir='ltr'><strong>nostri</strong></span> <span class='ocrx_word' id='word_1_76' title='bbox 1404 1463 1489 1511; x_wconf 88' lang='lat' dir='ltr'><strong>anuo</strong></span> 
     </span>
     <span class='ocr_line' id='line_1_12' title="bbox 372 1555 527 1624; baseline -0.013 -2"><span class='ocrx_word' id='word_1_77' title='bbox 372 1555 527 1624; x_wconf 88' lang='lat' dir='ltr'><strong>secundo.</strong></span> 
     </span>
    </p>
   </div>
   <div class='ocr_carea' id='block_1_4' title="bbox 401 1731 1461 1809">
    <p class='ocr_par' dir='ltr' id='par_1_4' title="bbox 401 1731 1461 1809">
     <span class='ocr_line' id='line_1_13' title="bbox 401 1731 1461 1809; baseline -0.006 -16"><span class='ocrx_word' id='word_1_78' title='bbox 401 1735 439 1807; x_wconf 80' lang='grc' dir='ltr'><strong>(Δ</strong></span> <span class='ocrx_word' id='word_1_79' title='bbox 451 1736 504 1793; x_wconf 84' lang='lat' dir='ltr'><strong>kir.</strong></span> <span class='ocrx_word' id='word_1_80' title='bbox 518 1734 605 1793; x_wconf 86' lang='lat' dir='ltr'><strong>fiscus</strong></span> <span class='ocrx_word' id='word_1_81' title='bbox 618 1734 650 1793; x_wconf 73' lang='lat' dir='ltr'><strong>es</strong></span> <span class='ocrx_word' id='word_1_82' title='bbox 663 1734 933 1809; x_wconf 73' lang='lat' dir='ltr'><strong>Besatercaebtuya</strong></span> <span class='ocrx_word' id='word_1_83' title='bbox 946 1752 986 1793; x_wconf 83' lang='lat' dir='ltr'><strong>su.</strong></span> <span class='ocrx_word' id='word_1_84' title='bbox 999 1737 1028 1790; x_wconf 87' lang='lat' dir='ltr'><strong>k.</strong></span> <span class='ocrx_word' id='word_1_85' title='bbox 1047 1734 1132 1793; x_wconf 72' lang='lat' dir='ltr'><strong>varos</strong></span> <span class='ocrx_word' id='word_1_86' title='bbox 1146 1734 1226 1791; x_wconf 79' lang='lat' dir='ltr'><strong>kuzri</strong></span> <span class='ocrx_word' id='word_1_87' title='bbox 1239 1731 1461 1806; x_wconf 76' lang='lat' dir='ltr'><strong>permelleklea)</strong></span> 
     </span>
    </p>
   </div>
   <div class='ocr_carea' id='block_1_5' title="bbox 797 2037 1063 2047">
    <p class='ocr_par' dir='ltr' id='par_1_5' title="bbox 797 2037 1063 2047">
     <span class='ocr_line' id='line_1_14' title="bbox 797 2037 1063 2047; baseline -0.008 0"><span class='ocrx_word' id='word_1_88' title='bbox 797 2037 1063 2047; x_wconf 61' lang='lat' dir='ltr'>—n———au-——o--n</span> 
     </span>
    </p>
   </div>
   <div class='ocr_carea' id='block_1_6' title="bbox 902 2543 984 2634">
    <p class='ocr_par' dir='ltr' id='par_1_6' title="bbox 902 2543 984 2634">
     <span class='ocr_line' id='line_1_15' title="bbox 902 2543 984 2634; baseline 0 0"><span class='ocrx_word' id='word_1_89' title='bbox 902 2546 956 2634; x_wconf 83' lang='lat' dir='ltr'><strong>ar&#39;</strong></span> <span class='ocrx_word' id='word_1_90' title='bbox 982 2543 984 2548; x_wconf 82' lang='grc'><strong>’</strong></span> 
     </span>
    </p>
   </div>
   <div class='ocr_carea' id='block_1_7' title="bbox 370 2764 1485 3074">
    <p class='ocr_par' dir='ltr' id='par_1_7' title="bbox 370 2764 1485 3074">
     <span class='ocr_line' id='line_1_16' title="bbox 370 2764 1485 2855; baseline -0.009 -17"><span class='ocrx_word' id='word_1_91' title='bbox 370 2773 434 2838; x_wconf 87' lang='grc' dir='ltr'><em>ΙΙΙ.</em></span> <span class='ocrx_word' id='word_1_92' title='bbox 452 2771 560 2836; x_wconf 82' lang='lat' dir='ltr'><strong>Eodre</strong></span> <span class='ocrx_word' id='word_1_93' title='bbox 575 2767 681 2854; x_wconf 72' lang='lat' dir='ltr'><strong>tlrety</strong></span> <span class='ocrx_word' id='word_1_94' title='bbox 697 2791 717 2831; x_wconf 85' lang='lat' dir='ltr'><strong>a</strong></span> <span class='ocrx_word' id='word_1_95' title='bbox 732 2767 930 2855; x_wconf 66' lang='lat' dir='ltr'><strong>regenoburgi</strong></span> <span class='ocrx_word' id='word_1_96' title='bbox 946 2764 1143 2834; x_wconf 62' lang='lat' dir='ltr'><strong>&#39;terestedb&#39;k</strong></span> <span class='ocrx_word' id='word_1_97' title='bbox 1158 2770 1305 2833; x_wconf 67' lang='lat' dir='ltr'><strong>eadmero</strong></span> <span class='ocrx_word' id='word_1_98' title='bbox 1319 2769 1485 2852; x_wconf 70' lang='lat' dir='ltr'><strong>mequje&#39;tja</strong></span> 
     </span>
     <span class='ocr_line' id='line_1_17' title="bbox 370 2874 1483 2966; baseline -0.007 -22"><span class='ocrx_word' id='word_1_99' title='bbox 370 2885 400 2944; x_wconf 72' lang='lat' dir='ltr'><strong>ts</strong></span> <span class='ocrx_word' id='word_1_100' title='bbox 416 2879 592 2966; x_wconf 70' lang='lat' dir='ltr'><strong>nueqerb&#39;stti</strong></span> <span class='ocrx_word' id='word_1_101' title='bbox 613 2902 634 2942; x_wconf 89' lang='lat' dir='ltr'><strong>a</strong></span> <span class='ocrx_word' id='word_1_102' title='bbox 651 2879 672 2942; x_wconf 89' lang='lat' dir='ltr'><em>I</em></span> <span class='ocrx_word' id='word_1_103' title='bbox 681 2877 709 2943; x_wconf 88' lang='lat' dir='ltr'><strong>V.</strong></span> <span class='ocrx_word' id='word_1_104' title='bbox 727 2876 806 2940; x_wconf 85' lang='lat' dir='ltr'><strong>Be&#39;lo</strong></span> <span class='ocrx_word' id='word_1_105' title='bbox 831 2875 985 2962; x_wconf 74' lang='lat' dir='ltr'><strong>loiruilytol</strong></span> <span class='ocrx_word' id='word_1_106' title='bbox 1009 2887 1098 2964; x_wconf 78' lang='lat' dir='ltr'><strong>oyert</strong></span> <span class='ocrx_word' id='word_1_107' title='bbox 1114 2875 1247 2962; x_wconf 72' lang='lat' dir='ltr'><strong>J&#39;oqolcat</strong></span> <span class='ocrx_word' id='word_1_108' title='bbox 1272 2877 1304 2940; x_wconf 71' lang='lat' dir='ltr'><strong>es</strong></span> <span class='ocrx_word' id='word_1_109' title='bbox 1318 2874 1483 2940; x_wconf 79' lang='lat' dir='ltr'><strong>saubadsct-</strong></span> 
     </span>
     <span class='ocr_line' id='line_1_18' title="bbox 817 2985 1036 3074; baseline -0.018 -22"><span class='ocrx_word' id='word_1_110' title='bbox 817 2985 920 3074; x_wconf 75' lang='lat' dir='ltr'><strong>9oltot.</strong></span> <span class='ocrx_word' id='word_1_111' title='bbox 939 2985 1036 3048; x_wconf 83' lang='lat'><em>1291.</em></span> 
     </span>
    </p>
   </div>
   <div class='ocr_carea' id='block_1_8' title="bbox 367 3179 1486 4791">
    <p class='ocr_par' dir='ltr' id='par_1_8' title="bbox 367 3179 1486 4791">
     <span class='ocr_line' id='line_1_19' title="bbox 492 3179 1482 3270; baseline -0.006 -18"><span class='ocrx_word' id='word_1_112' title='bbox 492 3185 644 3256; x_wconf 85' lang='lat' dir='ltr'><strong>Andreas</strong></span> <span class='ocrx_word' id='word_1_113' title='bbox 669 3183 733 3249; x_wconf 92' lang='lat' dir='ltr'><strong>Dei</strong></span> <span class='ocrx_word' id='word_1_114' title='bbox 757 3181 870 3268; x_wconf 89' lang='lat' dir='ltr'><strong>gracia</strong></span> <span class='ocrx_word' id='word_1_115' title='bbox 897 3184 1084 3268; x_wconf 88' lang='lat' dir='ltr'><strong>Hungarie‚</strong></span> <span class='ocrx_word' id='word_1_116' title='bbox 1111 3181 1302 3270; x_wconf 88' lang='lat' dir='ltr'><strong>Dalmacie,</strong></span> <span class='ocrx_word' id='word_1_117' title='bbox 1336 3179 1482 3263; x_wconf 78' lang='lat' dir='ltr'><strong>Oroaoie,</strong></span> 
     </span>
     <span class='ocr_line' id='line_1_20' title="bbox 369 3290 1484 3380; baseline -0.004 -19"><span class='ocrx_word' id='word_1_118' title='bbox 369 3298 482 3380; x_wconf 82' lang='lat' dir='ltr'><strong>Rama,</strong></span> <span class='ocrx_word' id='word_1_119' title='bbox 499 3293 633 3380; x_wconf 78' lang='lat' dir='ltr'><strong>Seruis,</strong></span> <span class='ocrx_word' id='word_1_120' title='bbox 650 3291 810 3376; x_wconf 77' lang='lat' dir='ltr'><strong>Gallicis,</strong></span> <span class='ocrx_word' id='word_1_121' title='bbox 838 3290 1052 3378; x_wconf 87' lang='lat' dir='ltr'><strong>Lodomerie,</strong></span> <span class='ocrx_word' id='word_1_122' title='bbox 1071 3291 1248 3379; x_wconf 81' lang='lat' dir='ltr'><strong>Cumauie,</strong></span> <span class='ocrx_word' id='word_1_123' title='bbox 1265 3291 1484 3376; x_wconf 86' lang='lat' dir='ltr'><strong>Bulgarieque</strong></span> 
     </span>
     <span class='ocr_line' id='line_1_21' title="bbox 369 3399 1483 3488; baseline -0.006 -19"><span class='ocrx_word' id='word_1_124' title='bbox 369 3407 439 3470; x_wconf 87' lang='lat' dir='ltr'><strong>Rex</strong></span> <span class='ocrx_word' id='word_1_125' title='bbox 455 3403 535 3469; x_wconf 89' lang='lat' dir='ltr'><strong>viris</strong></span> <span class='ocrx_word' id='word_1_126' title='bbox 545 3400 691 3488; x_wconf 89' lang='lat' dir='ltr'><strong>prouidis</strong></span> <span class='ocrx_word' id='word_1_127' title='bbox 708 3408 740 3465; x_wconf 91' lang='lat' dir='ltr'><strong>et</strong></span> <span class='ocrx_word' id='word_1_128' title='bbox 756 3399 915 3484; x_wconf 85' lang='lat' dir='ltr'><strong>discretis,</strong></span> <span class='ocrx_word' id='word_1_129' title='bbox 933 3401 996 3467; x_wconf 83' lang='lat' dir='ltr'><strong>sibi</strong></span> <span class='ocrx_word' id='word_1_130' title='bbox 1008 3399 1205 3468; x_wconf 83' lang='lat' dir='ltr'><strong>amabilibus</strong></span> <span class='ocrx_word' id='word_1_131' title='bbox 1222 3407 1255 3467; x_wconf 92' lang='lat' dir='ltr'><strong>et</strong></span> <span class='ocrx_word' id='word_1_132' title='bbox 1267 3401 1398 3468; x_wconf 90' lang='lat' dir='ltr'><strong>deuotis</strong></span> <span class='ocrx_word' id='word_1_133' title='bbox 1414 3399 1483 3467; x_wconf 87' lang='lat' dir='ltr'><strong>vni·</strong></span> 
     </span>
     <span class='ocr_line' id='line_1_22' title="bbox 369 3509 1486 3594; baseline -0.009 -14"><span class='ocrx_word' id='word_1_134' title='bbox 369 3513 476 3580; x_wconf 86' lang='lat' dir='ltr'><strong>uersis</strong></span> <span class='ocrx_word' id='word_1_135' title='bbox 493 3511 727 3578; x_wconf 83' lang='lat' dir='ltr'><strong>mercatoribus</strong></span> <span class='ocrx_word' id='word_1_136' title='bbox 738 3509 1041 3593; x_wconf 87' lang='lat' dir='ltr'><strong>Radisponensibns</strong></span> <span class='ocrx_word' id='word_1_137' title='bbox 1052 3515 1084 3576; x_wconf 91' lang='lat' dir='ltr'><strong>et</strong></span> <span class='ocrx_word' id='word_1_138' title='bbox 1101 3511 1336 3594; x_wconf 85' lang='lat' dir='ltr'><strong>pertinentibus</strong></span> <span class='ocrx_word' id='word_1_139' title='bbox 1353 3509 1398 3576; x_wconf 89' lang='lat' dir='ltr'><strong>ad</strong></span> <span class='ocrx_word' id='word_1_140' title='bbox 1415 3529 1486 3576; x_wconf 85' lang='lat' dir='ltr'><strong>ecs-</strong></span> 
     </span>
     <span class='ocr_line' id='line_1_23' title="bbox 369 3617 1484 3699; baseline -0.004 -11"><span class='ocrx_word' id='word_1_141' title='bbox 369 3623 442 3689; x_wconf 91' lang='lat' dir='ltr'><strong>dem</strong></span> <span class='ocrx_word' id='word_1_142' title='bbox 460 3624 599 3688; x_wconf 90' lang='lat' dir='ltr'><strong>salutem</strong></span> <span class='ocrx_word' id='word_1_143' title='bbox 615 3620 650 3685; x_wconf 92' lang='lat' dir='ltr'><strong>in</strong></span> <span class='ocrx_word' id='word_1_144' title='bbox 665 3626 777 3687; x_wconf 90' lang='lat' dir='ltr'><strong>actore</strong></span> <span class='ocrx_word' id='word_1_145' title='bbox 800 3619 926 3686; x_wconf 89' lang='lat' dir='ltr'><strong>salutis.</strong></span> <span class='ocrx_word' id='word_1_146' title='bbox 952 3620 1037 3699; x_wconf 80' lang='lat' dir='ltr'><strong>Quia</strong></span> <span class='ocrx_word' id='word_1_147' title='bbox 1054 3618 1094 3683; x_wconf 92' lang='lat' dir='ltr'><strong>de</strong></span> <span class='ocrx_word' id='word_1_148' title='bbox 1112 3617 1312 3687; x_wconf 77' lang='lat' dir='ltr'><strong>confluentia</strong></span> <span class='ocrx_word' id='word_1_149' title='bbox 1328 3629 1484 3686; x_wconf 90' lang='lat' dir='ltr'><strong>mereato-</strong></span> 
     </span>
     <span class='ocr_line' id='line_1_24' title="bbox 368 3727 1483 3813; baseline -0.004 -17"><span class='ocrx_word' id='word_1_150' title='bbox 368 3751 438 3798; x_wconf 88' lang='lat' dir='ltr'><strong>rum</strong></span> <span class='ocrx_word' id='word_1_151' title='bbox 455 3728 716 3797; x_wconf 87' lang='lat' dir='ltr'><strong>inhabitancium</strong></span> <span class='ocrx_word' id='word_1_152' title='bbox 743 3727 954 3795; x_wconf 89' lang='lat' dir='ltr'><strong>commoditas</strong></span> <span class='ocrx_word' id='word_1_153' title='bbox 972 3739 1005 3794; x_wconf 87' lang='lat' dir='ltr'><strong>et</strong></span> <span class='ocrx_word' id='word_1_154' title='bbox 1019 3728 1143 3797; x_wconf 86' lang='lat' dir='ltr'><strong>utilitas</strong></span> <span class='ocrx_word' id='word_1_155' title='bbox 1168 3730 1352 3796; x_wconf 89' lang='lat' dir='ltr'><strong>alterutrim</strong></span> <span class='ocrx_word' id='word_1_156' title='bbox 1367 3747 1483 3813; x_wconf 90' lang='lat' dir='ltr'><strong>procu·</strong></span> 
     </span>
     <span class='ocr_line' id='line_1_25' title="bbox 368 3836 1478 3926; baseline -0.002 -22"><span class='ocrx_word' id='word_1_157' title='bbox 368 3847 475 3926; x_wconf 83' lang='lat' dir='ltr'><strong>ratur;</strong></span> <span class='ocrx_word' id='word_1_158' title='bbox 493 3840 673 3924; x_wconf 84' lang='lat' dir='ltr'><strong>cupientes,</strong></span> <span class='ocrx_word' id='word_1_159' title='bbox 690 3843 726 3902; x_wconf 90' lang='lat' dir='ltr'><strong>ut</strong></span> <span class='ocrx_word' id='word_1_160' title='bbox 743 3837 833 3902; x_wconf 87' lang='lat' dir='ltr'><strong>uobis</strong></span> <span class='ocrx_word' id='word_1_161' title='bbox 851 3845 882 3902; x_wconf 89' lang='lat' dir='ltr'><strong>et</strong></span> <span class='ocrx_word' id='word_1_162' title='bbox 898 3836 975 3922; x_wconf 90' lang='lat' dir='ltr'><strong>alijs</strong></span> <span class='ocrx_word' id='word_1_163' title='bbox 987 3837 1223 3903; x_wconf 88' lang='lat' dir='ltr'><strong>mercatoribus</strong></span> <span class='ocrx_word' id='word_1_164' title='bbox 1238 3838 1273 3923; x_wconf 86' lang='lat' dir='ltr'><strong>in</strong></span> <span class='ocrx_word' id='word_1_165' title='bbox 1288 3843 1400 3922; x_wconf 86' lang='lat' dir='ltr'><strong>partes</strong></span> <span class='ocrx_word' id='word_1_166' title='bbox 1417 3837 1478 3902; x_wconf 92' lang='lat' dir='ltr'><strong>Re-</strong></span> 
     </span>
     <span class='ocr_line' id='line_1_26' title="bbox 369 3942 1482 4031; baseline -0.003 -21"><span class='ocrx_word' id='word_1_167' title='bbox 369 3946 423 4030; x_wconf 85' lang='lat' dir='ltr'><strong>gni</strong></span> <span class='ocrx_word' id='word_1_168' title='bbox 440 3945 609 4031; x_wconf 89' lang='lat' dir='ltr'><strong>Huogarie</strong></span> <span class='ocrx_word' id='word_1_169' title='bbox 626 3964 697 4010; x_wconf 90' lang='lat' dir='ltr'><strong>cum</strong></span> <span class='ocrx_word' id='word_1_170' title='bbox 708 3944 777 4010; x_wconf 90' lang='lat' dir='ltr'><strong>suis</strong></span> <span class='ocrx_word' id='word_1_171' title='bbox 788 3943 947 4010; x_wconf 87' lang='lat' dir='ltr'><strong>mercibus</strong></span> <span class='ocrx_word' id='word_1_172' title='bbox 965 3943 1166 4012; x_wconf 84' lang='lat' dir='ltr'><strong>descendere</strong></span> <span class='ocrx_word' id='word_1_173' title='bbox 1176 3944 1358 4010; x_wconf 88' lang='lat' dir='ltr'><strong>uolentibus</strong></span> <span class='ocrx_word' id='word_1_174' title='bbox 1376 3942 1482 4008; x_wconf 91' lang='lat' dir='ltr'><strong>omnis</strong></span> 
     </span>
     <span class='ocr_line' id='line_1_27' title="bbox 371 4051 1484 4137; baseline -0.004 -18"><span class='ocrx_word' id='word_1_175' title='bbox 371 4056 545 4122; x_wconf 88' lang='lat' dir='ltr'><strong>inmunitas</strong></span> <span class='ocrx_word' id='word_1_176' title='bbox 577 4059 609 4118; x_wconf 91' lang='lat' dir='ltr'><strong>et</strong></span> <span class='ocrx_word' id='word_1_177' title='bbox 634 4053 793 4118; x_wconf 87' lang='lat' dir='ltr'><strong>securitas</strong></span> <span class='ocrx_word' id='word_1_178' title='bbox 818 4053 1009 4137; x_wconf 80' lang='lat' dir='ltr'><strong>prebeatur,</strong></span> <span class='ocrx_word' id='word_1_179' title='bbox 1045 4053 1087 4118; x_wconf 91' lang='lat' dir='ltr'><strong>de</strong></span> <span class='ocrx_word' id='word_1_180' title='bbox 1115 4053 1284 4121; x_wconf 90' lang='lat' dir='ltr'><strong>uoluntate</strong></span> <span class='ocrx_word' id='word_1_181' title='bbox 1310 4056 1343 4116; x_wconf 89' lang='lat' dir='ltr'><strong>et</strong></span> <span class='ocrx_word' id='word_1_182' title='bbox 1368 4051 1484 4117; x_wconf 92' lang='lat' dir='ltr'><strong>conni-</strong></span> 
     </span>
     <span class='ocr_line' id='line_1_28' title="bbox 368 4143 1476 4247; baseline -0.002 -19"><span class='ocrx_word' id='word_1_183' title='bbox 368 4163 483 4228; x_wconf 89' lang='lat' dir='ltr'><strong>uenoia</strong></span> <span class='ocrx_word' id='word_1_184' title='bbox 500 4159 736 4227; x_wconf 83' lang='lat' dir='ltr'><strong>venerabilium</strong></span> <span class='ocrx_word' id='word_1_185' title='bbox 759 4159 886 4242; x_wconf 85' lang='lat' dir='ltr'><strong>patrum</strong></span> <span class='ocrx_word' id='word_1_186' title='bbox 903 4143 1233 4247; x_wconf 84' lang='lat' dir='ltr'><strong>Archiepiscopcrum</strong></span> <span class='ocrx_word' id='word_1_187' title='bbox 1250 4166 1282 4226; x_wconf 91' lang='lat' dir='ltr'><strong>et</strong></span> <span class='ocrx_word' id='word_1_188' title='bbox 1298 4159 1476 4246; x_wconf 80' lang='lat' dir='ltr'><strong>Episcopo-</strong></span> 
     </span>
     <span class='ocr_line' id='line_1_29' title="bbox 370 4269 1484 4357; baseline -0.005 -19"><span class='ocrx_word' id='word_1_189' title='bbox 370 4292 449 4357; x_wconf 86' lang='lat' dir='ltr'><strong>rum,</strong></span> <span class='ocrx_word' id='word_1_190' title='bbox 473 4290 533 4335; x_wconf 89' lang='lat' dir='ltr'><strong>nec</strong></span> <span class='ocrx_word' id='word_1_191' title='bbox 549 4290 615 4335; x_wconf 90' lang='lat' dir='ltr'><strong>non</strong></span> <span class='ocrx_word' id='word_1_192' title='bbox 632 4273 664 4334; x_wconf 90' lang='lat' dir='ltr'><strong>et</strong></span> <span class='ocrx_word' id='word_1_193' title='bbox 680 4269 821 4336; x_wconf 90' lang='lat' dir='ltr'><strong>omnium</strong></span> <span class='ocrx_word' id='word_1_194' title='bbox 838 4270 942 4352; x_wconf 87' lang='lat' dir='ltr'><strong>Regni</strong></span> <span class='ocrx_word' id='word_1_195' title='bbox 958 4272 1062 4338; x_wconf 87' lang='lat' dir='ltr'><strong>nostri</strong></span> <span class='ocrx_word' id='word_1_196' title='bbox 1078 4273 1252 4338; x_wconf 90' lang='lat' dir='ltr'><strong>Procerum</strong></span> <span class='ocrx_word' id='word_1_197' title='bbox 1270 4276 1302 4335; x_wconf 89' lang='lat' dir='ltr'><strong>ct</strong></span> <span class='ocrx_word' id='word_1_198' title='bbox 1318 4271 1484 4337; x_wconf 87' lang='lat' dir='ltr'><strong>Beronum</strong></span> 
     </span>
     <span class='ocr_line' id='line_1_30' title="bbox 370 4377 1484 4466; baseline -0.004 -18"><span class='ocrx_word' id='word_1_199' title='bbox 370 4378 581 4448; x_wconf 87' lang='lat' dir='ltr'><strong>conniueneia</strong></span> <span class='ocrx_word' id='word_1_200' title='bbox 597 4387 628 4442; x_wconf 88' lang='lat' dir='ltr'><strong>et</strong></span> <span class='ocrx_word' id='word_1_201' title='bbox 645 4395 782 4444; x_wconf 88' lang='lat' dir='ltr'><strong>assensu</strong></span> <span class='ocrx_word' id='word_1_202' title='bbox 799 4377 859 4443; x_wconf 91' lang='lat' dir='ltr'><strong>sub</strong></span> <span class='ocrx_word' id='word_1_203' title='bbox 876 4377 944 4442; x_wconf 88' lang='lat' dir='ltr'><strong>iure</strong></span> <span class='ocrx_word' id='word_1_204' title='bbox 966 4378 1104 4446; x_wconf 91' lang='lat' dir='ltr'><strong>iurando</strong></span> <span class='ocrx_word' id='word_1_205' title='bbox 1122 4379 1288 4446; x_wconf 88' lang='lat' dir='ltr'><strong>firmamus</strong></span> <span class='ocrx_word' id='word_1_206' title='bbox 1306 4378 1369 4445; x_wconf 91' lang='lat' dir='ltr'><strong>hac</strong></span> <span class='ocrx_word' id='word_1_207' title='bbox 1385 4397 1484 4466; x_wconf 86' lang='lat' dir='ltr'><strong>prag·</strong></span> 
     </span>
     <span class='ocr_line' id='line_1_31' title="bbox 368 4483 1472 4571; baseline -0.001 -20"><span class='ocrx_word' id='word_1_208' title='bbox 368 4485 486 4551; x_wconf 82' lang='lat' dir='ltr'><strong>metica</strong></span> <span class='ocrx_word' id='word_1_209' title='bbox 500 4483 675 4549; x_wconf 86' lang='lat' dir='ltr'><strong>sanccione</strong></span> <span class='ocrx_word' id='word_1_210' title='bbox 685 4536 694 4571; x_wconf 85' lang='lat'>,</span> <span class='ocrx_word' id='word_1_211' title='bbox 719 4489 754 4550; x_wconf 93' lang='lat' dir='ltr'><strong>ut</strong></span> <span class='ocrx_word' id='word_1_212' title='bbox 770 4483 950 4567; x_wconf 88' lang='lat' dir='ltr'><strong>quicunque</strong></span> <span class='ocrx_word' id='word_1_213' title='bbox 965 4497 1180 4552; x_wconf 85' lang='lat' dir='ltr'><strong>mercatorum</strong></span> <span class='ocrx_word' id='word_1_214' title='bbox 1205 4484 1238 4550; x_wconf 92' lang='lat' dir='ltr'><strong>in</strong></span> <span class='ocrx_word' id='word_1_215' title='bbox 1255 4483 1402 4570; x_wconf 85' lang='lat' dir='ltr'><strong>Regnum</strong></span> <span class='ocrx_word' id='word_1_216' title='bbox 1422 4503 1472 4550; x_wconf 92' lang='lat' dir='ltr'><strong>no·</strong></span> 
     </span>
     <span class='ocr_line' id='line_1_32' title="bbox 367 4591 1481 4686; baseline -0.004 -24"><span class='ocrx_word' id='word_1_217' title='bbox 367 4591 1481 4686; x_wconf 69' lang='lat' dir='ltr'><strong>strumeumsuadeseendereuoleant(lgy)mercaturaeagaudeant</strong></span> 
     </span>
     <span class='ocr_line' id='line_1_33' title="bbox 367 4699 1475 4791; baseline -0.003 -20"><span class='ocrx_word' id='word_1_218' title='bbox 367 4703 530 4786; x_wconf 85' lang='lat' dir='ltr'><strong>libertate,</strong></span> <span class='ocrx_word' id='word_1_219' title='bbox 547 4718 651 4782; x_wconf 88' lang='lat' dir='ltr'><strong>eoque</strong></span> <span class='ocrx_word' id='word_1_220' title='bbox 666 4699 825 4770; x_wconf 84' lang='lat' dir='ltr'><strong>beneflcio</strong></span> <span class='ocrx_word' id='word_1_221' title='bbox 841 4703 1057 4791; x_wconf 85' lang='lat' dir='ltr'><strong>perfruantur,</strong></span> <span class='ocrx_word' id='word_1_222' title='bbox 1074 4701 1158 4788; x_wconf 88' lang='lat' dir='ltr'><strong>quod</strong></span> <span class='ocrx_word' id='word_1_223' title='bbox 1172 4709 1319 4788; x_wconf 86' lang='lat' dir='ltr'><strong>tempore</strong></span> <span class='ocrx_word' id='word_1_224' title='bbox 1333 4702 1475 4770; x_wconf 86' lang='lat' dir='ltr'><strong>Serenia-</strong></span> 
     </span>
    </p>
   </div>
   <div class='ocr_carea' id='block_1_9' title="bbox 0 0 1636 5242">
    <p class='ocr_par' dir='ltr' id='par_1_9' title="bbox 0 0 1636 5242">
     <span class='ocr_line' id='line_1_34' title="bbox 0 0 1636 5242; baseline 0 3"><span class='ocrx_word' id='word_1_225' title='bbox 0 0 1636 5242; x_wconf 95' lang='lat' dir='ltr'><strong> </strong></span> 
     </span>
    </p>
   </div>
  </div>
 </body>
</html>
