3166 5238
909 1030 979 1096 121.

384 1229 591 1294 Enrlckcztetb'
606 1229 689 1294 birni
705 1227 799 1314 level,
824 1227 960 1312 ruclybeu
986 1252 1006 1289 o
1016 1229 1266 1312 pcrlckediilccck
1291 1228 1496 1292 obtenuerunt
1575 1245 1576 1314 g

383 1337 584 1423 irdmdnyuilc
615 1335 847 1400 bcmtctatdsa'rn
879 1335 1029 1400 butrist'db'
1059 1337 1250 1400 rcrrdcltetik.
1277 1338 1497 1504 w.
1575 1343 1576 1392 i

491 1535 617 1603 Damus
643 1553 701 1620 pro
727 1532 903 1618 memoria,
928 1537 1017 1618 quod
1042 1537 1076 1603 in
1105 1539 1232 1604 octenis
1257 1534 1497 1605 Purificacionis

384 1645 486 1714 Beate
501 1645 646 1728 Virginis
657 1643 832 1712 Zobizlaus
849 1641 935 1712 filins
946 1645 1081 1713 Comitis
1098 1646 1284 1733 Bogomerij
1301 1666 1379 1730 pars
1401 1653 1497 1723 actor,

383 1775 442 1842 pro
468 1773 532 1836 quo
567 1753 725 1838 magister
750 1752 1001 1822 Bartholomeus
1039 1756 1156 1822 Lector
1181 1754 1330 1822 Ecclesie
1351 1755 1499 1840 Nytrien·

384 1863 441 1948 sis,
457 1869 491 1930 et
503 1862 646 1930 Jacobus
657 1861 743 1929 filius
755 1860 881 1948 Chymu
893 1863 1031 1947 jobagio
1048 1865 1155 1932 Castri
1171 1863 1357 1948 Nytriensis
1369 1883 1441 1928 cum
1455 1862 1499 1926 lit·

383 1971 464 2037 teris
481 1969 624 2056 Capituli
641 1970 704 2036 loci
722 1969 866 2036 eiusdem
878 1981 1129 2056 comparuerunt
1146 1971 1402 2055 continentibus,
1420 1971 1500 2052 quod

385 2077 472 2145 idem
494 2079 678 2167 Zobyzlaus
706 2079 914 2162 quescionem
935 2085 999 2147 'seu
1015 2081 1181 2147 accionem
1205 2101 1296 2147 suern
1323 2081 1450 2146 eisdem
1472 2081 1501 2146 in

384 2187 447 2256 hoc
463 2189 551 2256 facto
563 2188 759 2255 commiserit
780 2189 1015 2274 exequendam,
1027 2195 1133 2255 ratum
1144 2197 1176 2255 et
1187 2189 1314 2255 firmum
1323 2188 1499 2269 habiturus,

385 2295 542 2380 quidquid
567 2298 723 2382 magister
739 2296 987 2364 Bartholomcus
1005 2305 1038 2364 et
1063 2298 1209 2366 Jacobus
1225 2298 1367 2382 predicti
1383 2297 1501 2380 experi-

385 2404 490 2471 uerint
506 2425 564 2489 pro
582 2403 708 2489 eodem,
725 2412 972 2489 assumpserunt
989 2406 1031 2470 ab
1048 2427 1115 2471 una
1130 2414 1244 2490 pertc5
1260 2406 1378 2470 Petrus
1394 2414 1426 2471 et
1444 2404 1500 2489 By-

385 2514 457 2580 ther
472 2514 615 2582 comites
632 2513 691 2599 filij
709 2514 810 2598 Miko,
833 2522 865 2582 et
880 2515 982 2602 Myko
998 2512 1083 2580 filius
1100 2514 1236 2596 Detrici,
1254 2514 1308 2598 qui
1325 2513 1501 2599 personali-

385 2628 434 2688 ter
460 2631 709 2708 comparuerunt
734 2623 886 2692 similiter
912 2630 944 2688 et
970 2632 1228 2712 assumpserunt,
1246 2645 1287 2690 ex
1302 2624 1429 2707 altera3
1448 2623 1501 2688 de·

385 2733 486 2800 beant
503 2752 692 2815 comparere
718 2734 934 2818 peremptorie
952 2753 1062 2800 coram
1078 2735 1184 2818 nobie,
1202 2734 1325 2817 etipse
1342 2733 1398 2798 die
1415 2733 1503 2798 ambe

385 2846 495 2922 partes
513 2840 623 2906 omnia
639 2839 814 2926 priuilegia
831 2848 864 2904 et
889 2843 1106 2908 instrumenta
1121 2861 1191 2924 sue,
1210 2848 1373 2926 quotquot
1388 2840 1503 2908 habent

386 2965 484 3032 super
499 2949 587 3014 facto
604 2948 827 3032 possessionis
852 2950 1009 3037 Kyrene,
1034 2950 1099 3014 alio
1117 2951 1248 3017 nomine
1272 2951 1433 3017 Yesocsiu
1455 2969 1502 3012 uo-

387 3063 470 3137 cate,
488 3057 573 3121 sicut
589 3056 729 3140 predicti
754 3068 983 3141 procuratores
1001 3059 1149 3125 eiusdem
1165 3058 1326 3147 Zobyzlai
1345 3061 1502 3142 dicebant,

387 3185 485 3249 quem
502 3165 628 3234 scilicet
651 3167 894 3250 possessionem
915 3167 1016 3252 ijdem
1032 3169 1149 3234 Petrus
1164 3175 1198 3235 et
1213 3170 1338 3257 Byther
1356 3170 1502 3250 Comites,

387 3295 426 3342 no
443 3274 553 3360 Myko‚
570 3275 865 3360 adpossessionem
876 3295 987 3344 eorum
1003 3279 1114 3344 Varna
1130 3288 1285 3348 vocatam
1301 3287 1503 3347 asseruerunt

386 3384 562 3472 pertinere,
580 3393 613 3451 et
628 3405 700 3454 esse
717 3386 802 3453 intro
827 3393 931 3456 metas
948 3386 1033 3454 dicte
1060 3391 1283 3474 possessionis
1303 3393 1499 3470 corumdem,

388 3495 546 3576 coniecta,
564 3493 684 3562 debent
701 3495 854 3563 exhibere
877 3517 987 3566 coram
1003 3499 1108 3566 nobis.
1126 3499 1251 3578 Quibus
1268 3500 1433 3580 exhibitis,
1451 3499 1502 3564 de-

388 3622 555 3671 cernemus
571 3603 655 3669 inter
665 3611 775 3690 partes
792 3607 923 3675 iusticia
934 3607 1109 3676 mediante.
1121 3612 1246 3678 Datum
1260 3610 1294 3675 in
1310 3609 1393 3680 villu
1407 3612 1501 3677 Zcen·

388 3713 486 3796 holm,
504 3717 597 3778 sexto
614 3711 666 3779 die
682 3713 918 3795 quindenarum
937 3715 1088 3786 Omnium
1105 3717 1309 3788 Sanctorum.

496 3912 603 3978 Jcpyzet.
624 3905 806 3980 Biirhnrtyen
828 3913 889 3967 kelt
910 3913 972 3969 ztrt
993 3913 1088 3982 level,
1112 3914 1190 3986 mely
1210 3917 1314 3974 szokeis
1329 3921 1432 3974 suerint
1445 3918 1500 3974 nnir

391 4001 482 4054 eltiint
493 3999 582 4053 kerek
592 3995 732 4068 pcesettel
741 4002 802 4055 volt
811 4000 1015 4072 repensetelve.
1028 4002 1165 4062 Hitiratu
1177 4024 1212 4061 ez
1225 4029 1232 4062 ε
1246 4027 1298 4079 pro
1311 4007 1398 4064 Petro
1411 4015 1441 4064 et
1451 4010 1502 4078 By·
1578 4019 1579 4078 t

390 4095 434 4144 ter
447 4086 605 4143 comitibus
628 4105 662 4143 ac
685 4087 773 4157 Myko
799 4098 899 4148 contro
913 4094 1089 4166 Zobyzlsum
1102 4096 1140 4152 ad
1154 4101 1273 4154 octenas
1292 4097 1501 4156 Purificsoionis
1578 4091 1579 4112 ¹

389 4178 481 4234 Beate
493 4175 628 4248 Virginis.
641 4175 668 4232 A
681 4177 787 4235 kekkoi
800 4181 980 4241 levelttirbcn
994 4206 1001 4240 :
1015 4186 1099 4243 Fuso.
1113 4191 1138 4244 1.
1151 4186 1220 4245 Nnc.
1233 4192 1261 4246 8.
1273 4177 1353 4259 E'rdy.

833 4486 1078 4499 ———-------u-
