3166 5238
625 969 705 1036 126.

108 1173 207 1236 VIII.
223 1170 380 1256 Booafdcz
389 1173 482 1256 papo
496 1169 601 1236 Jaoos
608 1169 726 1255 jodoci
734 1218 743 1253 ,
760 1171 792 1234 έι
807 1191 827 1232 c
842 1168 1007 1234 calasztott
1025 1167 1162 1254 spalato&
1179 1169 1224 1231 el·-

99 1279 220 1346 sckaek
236 1280 420 1366 mapbapyjc
428 1327 438 1359 ,
464 1278 541 1363 bopy
557 1299 578 1338 a
595 1275 744 1342 sebeoicoc'
752 1277 893 1362 pltepiiko'
916 1277 1033 1361 mepydt
1047 1273 1223 1339 reodcaaelo.

243 1403 245 1408 ’
330 1393 332 1396 ’
556 1417 559 1424 ·
620 1384 716 1449 1298.

218 1584 408 1653 Bonifacius
425 1586 608 1672 Episcopus
631 1601 745 1649 seruus
771 1601 939 1651 seruorum
954 1583 1018 1649 Dei
1044 1577 1227 1648 venerabili

12 1729 13 1736 ι
103 1695 230 1782 fratri.
248 1747 255 1762 .
273 1745 278 1757 .
296 1695 553 1780 Archiepiscopo
569 1691 725 1760 Jadrensi
734 1744 744 1779 ,
762 1699 794 1758 ct
810 1691 930 1762 dilecto
951 1694 1018 1760 lilio
1036 1741 1044 1760 .
1062 1742 1069 1759 .
1087 1741 1094 1756 .
1111 1693 1228 1759 Electo

103 1804 302 1893 spalatensi
336 1804 476 1870 salutem
503 1810 536 1869 et
560 1801 784 1887 Apostolicam
810 1801 1083 1871 benedictionem.
1113 1801 1228 1868 Sacro·

102 1919 225 1981 sancta
239 1913 387 1978 Romana
403 1913 555 1978 Ecclesia
581 1917 769 1977 cunctorum
786 1917 891 1980 mater
916 1909 1061 1977 fidelium
1080 1918 1112 1976 et
1127 1909 1229 1994 magi·

103 2029 189 2107 stra,
207 2040 271 2104 que
287 2041 428 2106 superne
445 2020 666 2106 dispositionis
683 2019 816 2090 arbitrio
833 2041 933 2108 super
950 2020 1121 2088 universas
1139 2017 1228 2087 orbis

104 2131 280 2197 Ecclesias
297 2128 445 2198 obtinere
461 2128 641 2196 dinoscitur
657 2128 889 2215 principatum,
907 2135 1028 2197 datum
1038 2181 1047 2215 ,
1073 2126 1229 2196 conditio-

105 2261 169 2308 nes
188 2246 219 2306 et
246 2239 423 2322 qualitates
448 2239 593 2306 locorum
610 2245 642 2302 et
665 2247 847 2323 temporum
873 2237 1011 2325 provida
1036 2237 1228 2322 circumspe-

106 2350 219 2416 ctione
236 2347 434 2430 discutiens,
452 2348 610 2414 nonnulla
627 2349 771 2413 locorum
788 2348 950 2434 ipsorum,
968 2367 1070 2416 causa
1084 2345 1229 2415 rationa-

105 2459 168 2526 bili
184 2456 362 2539 suadente,
387 2457 420 2521 in
437 2455 589 2524 civitates
606 2454 771 2522 interdum
789 2455 885 2540 erigit
901 2462 933 2522 et
949 2454 1158 2542 Episcopalis
1175 2455 1228 2522 dc·

107 2574 203 2635 corat
219 2567 370 2651 insigniis
395 2564 586 2650 dignitatum
615 2564 727 2648 aliqua
749 2584 826 2632 vero
854 2584 896 2632 ex
920 2583 1022 2634 causa
1046 2562 1229 2630 huiusmodi

107 2696 341 2761 nonnunquam
365 2672 523 2760 predictis
544 2673 653 2762 privat
679 2672 852 2760 insigniis,
878 2674 1023 2758 utrisque
1048 2671 1229 2742 retribuens

106 2779 205 2854 iuxta
227 2804 359 2853 suorum
385 2782 583 2868 exigentiam
611 2781 806 2848 meritorum.
833 2782 941 2849 Habet
968 2782 1130 2867 siquidem
1154 2780 1229 2848 fida·

109 2894 211 2978 digne
235 2890 408 2960 relationis
434 2890 597 2991 assertio,
623 2889 710 2974 qnod
725 2893 769 2959 ab
784 2889 860 2956 olim
884 2889 969 2958 inter
996 2891 1085 2960 cives
1105 2889 1230 2980 Tragu-

108 3003 249 3082 ricnses,
266 3009 298 3068 ct
313 2999 459 3067 homines
477 2999 555 3067 ville
571 2997 822 3079 Sebeniccnsis,
839 2999 874 3064 iu
892 2997 1080 3085 Spalatens'i
1097 2997 1229 3066 Provin-

110 3111 166 3180 cia
181 3109 375 3192 constitute,
401 3109 512 3196 gravis
530 3113 562 3176 ot
579 3108 766 3194 periculosa
790 3107 951 3178 dissensio
968 3108 1077 3176 adhuc
1093 3107 1228 3189 durans,

110 3242 155 3288 oa
170 3219 344 3290 occasione
360 3218 530 3306 potissime
547 3216 608 3286 fuit
628 3223 764 3296 exorta,
789 3217 875 3300 quod
900 3216 1102 3285 venerabilis
1128 3219 1229 3286 frater

111 3380 119 3396 .
138 3378 147 3396 .
166 3379 173 3393 .
189 3327 420 3412 uraguucnsic
436 3327 620 3416 Episcopus
646 3332 678 3392 et
695 3326 784 3395 cives
809 3325 967 3410 predicti,
992 3327 1107 3395 villam
1122 3327 1230 3414 ipsam

111 3437 237 3506 debere
249 3435 387 3504 subesse
402 3436 611 3521 asserebant,
628 3441 662 3502 ct
677 3439 831 3503 asserunt
840 3433 1054 3521 Traguricnri
1070 3435 1229 3521 Ecclesia,

110 3565 153 3612 nc
167 3545 210 3612 de
226 3543 362 3612 Diocesi
377 3544 447 3613 eius
463 3561 558 3610 esse:
575 3543 714 3628 prelatis
730 3543 916 3611 hominibus
931 3543 1064 3614 firmiter
1079 3563 1229 3616 assereu-

111 3654 201 3721 tibus
218 3671 259 3718 cx
275 3649 424 3736 adverso,
443 3652 624 3738 predictam
641 3651 753 3720 villam
769 3671 830 3719 nec
851 3650 953 3719 eidem
972 3654 1154 3722 subiectam
1171 3654 1231 3720 Iic-

111 3761 224 3842 clcsic,
242 3778 346 3843 neque
363 3758 404 3826 de
421 3755 584 3846 (Diocesi)
600 3759 705 3844 ipsius
721 3759 791 3826 fore
808 3759 939 3842 dicunt,
967 3763 1028 3830 sed
1043 3762 1106 3830 sibi
1122 3764 1230 3850 potius

111 3869 279 3958 proprium
295 3867 408 3938 deberi
417 3869 625 3953 Episcopum,
645 3887 744 3952 seque
760 3869 933 3954 dignitatis
943 3870 1150 3960 Episcopalis
1161 3871 1230 3938 foro

111 3979 208 4050 titulo
224 3978 456 4048 decorandam.
481 3979 552 4047 Nos
567 3978 667 4066 igitur
683 3978 726 4044 ad
743 3998 858 4063 pacem
881 3979 1022 4050 fidelium
1039 3987 1072 4049 st
1087 3979 1230 4066 quictem

113 4097 255 4175 paterna
269 4088 490 4157 sollicitudine
504 4087 735 4173 intendentes,
761 4093 794 4156 ot
809 4089 958 4158 volantes
973 4089 1146 4178 benignius
1163 4111 1229 4160 non

112 4194 241 4266 levibus
257 4197 437 4266 animarum
454 4203 487 4264 et
513 4217 683 4284 corporum
707 4197 841 4264 obviare
857 4199 1031 4284 periculis,
1057 4220 1120 4284 que
1144 4201 1229 4267 inter

115 4309 205 4377 cives
223 4313 255 4373 ct
271 4305 419 4376 homines
436 4307 644 4394 supradictos
659 4300 813 4393 possent,
830 4313 926 4393 prout
944 4310 1113 4396 asseritur,
1129 4329 1229 4380 occa·

114 4420 208 4484 sione
223 4414 410 4485 huiusmodi
426 4417 580 4501 evenire,
605 4435 644 4483 ac
661 4415 760 4483 ctiam
778 4399 949 4486 carissime
968 4419 1004 4486 iu
1020 4419 1149 4488 Christo
1165 4417 1232 4488 iilic

114 4532 227 4592 nostre
243 4525 355 4609 llario,
373 4525 534 4593 consortis
550 4523 712 4592 carissimi
728 4523 764 4590 in
781 4523 910 4594 Christo
927 4525 987 4596 filii
1002 4529 1108 4595 nostri
1124 4527 1233 4595 Caroli

113 4633 244 4702 Illusris
272 4634 369 4720 Regis
396 4634 528 4720 Sicilie,
554 4631 678 4718 Regino
694 4631 839 4718 ngaric
856 4634 1019 4718 Illustris,
1045 4655 1106 4704 neo
1121 4654 1185 4702 nou
1203 4642 1234 4704 ct
