3188 5238
843 365 1001 467 „ld-

365 581 462 634 ecssa
476 571 562 652 snut,
578 563 773 634 inconuulsa
787 582 967 632 seruamns.
988 563 1038 632 Ea
1053 567 1187 650 propter
1202 559 1248 632 ad
1263 565 1492 632 uniuersorum

363 673 516 743 noticiam
531 675 645 742 barum
663 674 747 741 serie
763 673 911 740 volumus
928 673 1115 758 pervenire,
1133 673 1223 756 qnod
1242 693 1316 739 cum
1333 693 1398 738 nos
1413 691 1493 737 con·

364 783 469 849 stricti
485 783 629 866 suscepti
646 779 815 868 regiminis
830 781 963 862 aculeis,
980 779 1094 849 habito
1111 781 1249 849 consilio
1266 783 1413 848 omnium
1428 781 1495 846 Ra-

363 910 477 958 ronum
492 897 674 958 nostrorum
690 889 858 957 nobiscum
876 887 1109 973 assidencium,
1122 889 1297 958 vniuersos
1315 890 1441 958 Olaoos
1458 889 1494 952 in

361 999 627 1084 possessionibus
643 997 809 1084 nobilium,
826 1000 882 1066 rel
897 999 1116 1084 quorumlibet
1135 999 1275 1067 aliorum
1290 999 1492 1079 residentes,

364 1126 406 1176 ac
421 1104 569 1196 predium
584 1114 729 1175 nostrum
745 1105 872 1194 Regale
898 1107 1024 1176 Scelres
1039 1115 1211 1189 vocatum,
1238 1107 1493 1176 ordinassemus

362 1215 532 1300 reuocari,
556 1216 668 1282 reduci
693 1223 727 1282 et
751 1216 856 1283 eciam
882 1215 1037 1300 compelli
1061 1217 1173 1284 redire
1188 1217 1330 1300 inuitos,
1357 1216 1388 1282 si
1404 1215 1492 1282 forte

362 1329 475 1391 nostre
491 1322 524 1390 in
541 1321 603 1390 boc
618 1327 713 1408 parte
729 1343 794 1391 non
810 1323 1060 1408 acquiescerent
1084 1344 1204 1411 parere
1225 1323 1395 1410 jussiouj5
1413 1323 1493 1406 quia

365 1437 477 1500 umen
492 1429 588 1496 nobis
598 1430 744 1499 constitit
753 1429 932 1516 evidenter,
942 1431 1109 1500 dominum
1118 1431 1311 1499 Ladislaum
1323 1432 1492 1514 quondam

361 1537 609 1608 Serenissimum
624 1539 749 1626 Regem
774 1538 943 1627 Hungarie
959 1539 1163 1608 carissimum
1179 1539 1315 1608 fratrem
1341 1546 1492 1606 nostrum

360 1649 552 1736 patruelem,
569 1645 724 1734 capitulo
741 1647 894 1715 Albensis
919 1645 1069 1716 lloolesie
1083 1646 1333 1731 lbanssilnane,
1356 1646 1400 1712 ob
1416 1667 1491 1714 suo-

360 1776 430 1823 rum
446 1754 670 1824 remissionem
681 1763 887 1842 peccatorum
898 1755 1085 1824 huiusmodi
1101 1757 1297 1825 donacionis
1312 1755 1492 1842 beneficijs

361 1865 560 1949 excrevisse,
575 1870 610 1929 ut
626 1863 660 1931 iu
675 1864 871 1947 quibusdam
896 1865 991 1933 terris
1008 1865 1114 1951 ipsius
1141 1865 1285 1953 capituli
1301 1862 1439 1952 Fylesd,
1456 1869 1492 1929 et

359 1973 457 2044 Enud
472 1974 612 2056 uocatis,
629 1993 650 2039 a
666 1974 764 2040 terris
790 1973 1036 2060 episcopalibus
1061 1973 1225 2042 distinctis
1251 1979 1284 2041 et
1309 1971 1490 2056 separatis,

359 2083 534 2169 sexaginta
549 2081 737 2150 mansiones
754 2079 926 2150 Olacorum
942 2083 1043 2150 libere
1060 2089 1094 2149 et
1109 2100 1225 2150 secure
1240 2084 1378 2152 ualeant
1392 2100 1485 2148 oom-

359 2193 501 2276 morari,
526 2193 569 2258 ab
594 2191 745 2273 omnique
761 2193 940 2260 exaccione
965 2212 1024 2260 seu
1046 2193 1187 2260 collecta
1202 2190 1333 2277 Regali,
1354 2189 1490 2257 scilicet

360 2300 650 2387 quinquagesima,
667 2298 797 2368 decima
811 2301 866 2366 uel
883 2319 1078 2383 quacunque
1103 2301 1182 2386 alia,
1199 2299 1303 2385 ijdem
1319 2296 1416 2366 Olaci
1432 2317 1490 2363 ex-

359 2418 463 2476 torres
479 2408 662 2477 habeantur
677 2406 811 2492 peuitus
828 2414 860 2474 et
877 2407 1047 2490 immunes,
1066 2415 1161 2491 prout
1176 2408 1238 2474 hec
1251 2407 1363 2475 omnia
1378 2407 1414 2472 in
1432 2404 1486 2471 lit-

357 2517 437 2586 teris
447 2515 585 2603 predicti
597 2513 697 2602 Regis
713 2515 859 2583 Ladizlai
876 2515 998 2583 exinde
1012 2517 1180 2602 confectis,
1197 2525 1230 2582 et
1242 2515 1489 2584 eciamnostris

359 2622 626 2694 confirmantibus
637 2631 785 2691 tenorem
794 2623 961 2692 literarum
977 2626 1148 2693 memorati
1159 2625 1272 2710 Regis,
1285 2624 1485 2709 plenissime

358 2733 497 2802 uidimus
524 2730 694 2798 contineri.
711 2732 779 2796 Nos
800 2733 1007 2800 attendentes
1022 2733 1108 2801 banc
1125 2732 1345 2800 donacionem
1369 2755 1391 2801 a
1408 2752 1486 2816 pre·

357 2840 427 2908 fato
441 2839 531 2925 Rege
547 2836 704 2907 Ladizlao
720 2838 894 2909 salubriter
911 2859 986 2908 esse
1002 2841 1136 2925 iactam,
1154 2859 1227 2908 cum
1244 2841 1395 2909 Ecclesie
1411 2860 1488 2924 pre-

358 2948 452 3016 cibus
467 2945 585 3030 magis,
600 2965 696 3028 quam
705 2945 847 3016 humano
858 2948 980 3016 auxilio
996 2955 1142 3016 nostrum
1156 2949 1328 3036 imperium
1339 2956 1486 3031 tueatur,

358 3062 390 3122 et
403 3055 444 3121 ob
455 3053 518 3121 boc
527 3052 665 3138 predicti
674 3053 776 3140 Regis
786 3054 936 3124 Ladizlai
946 3057 1097 3141 uestigijs
1107 3057 1142 3124 in
1154 3056 1217 3125 bac
1227 3064 1320 3144 parte
1330 3057 1488 3124 inherere

359 3163 538 3252 cupientes,
550 3159 766 3229 donacionem
776 3166 955 3250 sexaginta
964 3165 1170 3232 mansionum
1182 3163 1364 3249 Olacorum,
1373 3169 1419 3236 ab
1429 3183 1488 3232 eo·

357 3271 432 3339 dem
448 3267 597 3360 predicto
615 3267 767 3355 Capitulo
783 3270 915 3355 factam,
940 3277 1046 3340 ratam
1063 3273 1220 3341 habemus
1245 3280 1278 3340 et
1294 3281 1486 3358 acceptam,

357 3375 418 3446 sub
435 3396 476 3446 ea
484 3374 695 3457 immunitate,
705 3376 843 3445 liberate
854 3384 886 3443 et
899 3378 1111 3464 plenitudine,
1128 3399 1190 3463 que
1200 3381 1349 3465 superius
1365 3383 1487 3464 singil-

356 3485 462 3570 latim,
478 3491 510 3551 et
525 3483 713 3570 expressius
724 3485 917 3571 explicatur,
933 3506 1072 3573 eamque
1087 3489 1282 3557 auctoritato
1298 3491 1401 3558 nostri
1416 3495 1487 3578 pri·

357 3592 474 3680 uilegii
485 3590 720 3658 confirmamus.
732 3590 824 3660 Vnde
835 3595 983 3662 volumus
999 3602 1032 3660 et
1048 3597 1255 3681 precipimus,
1271 3598 1487 3680 quodnullus

356 3704 565 3772 collectorum
590 3720 649 3767 seu
675 3711 862 3770 exactorum
888 3705 1023 3788 Regalis
1051 3706 1179 3773 decime
1203 3725 1263 3774 seu
1279 3709 1485 3796 quinquage-

357 3814 441 3880 simo
458 3813 511 3879 uel
528 3809 739 3878 collectarum
755 3813 973 3896 quarumlibet
991 3833 1052 3898 pro
1068 3820 1214 3900 ternpore
1230 3817 1485 3885 constitutorum

356 3919 502 3992 Olachos
516 3917 621 4005 ipsius
638 3918 790 4004 capituli,
809 3919 843 3984 in
859 3921 977 3987 litteris
1002 3921 1071 3986 suis
1087 3921 1237 4007 superius
1263 3926 1486 4010 comprehen-

355 4031 402 4098 sis
419 4028 599 4096 residentes
610 4045 712 4109 usque
724 4045 891 4094 numerum
901 4026 1068 4116 prefixum,
1080 4031 1201 4098 audeat
1218 4033 1406 4118 molestare,
1417 4055 1484 4101 nec

357 4136 672 4224 quinquagesimam,
684 4133 854 4220 decimam,
872 4155 930 4204 seu
946 4138 1156 4206 exactionem
1180 4137 1280 4208 aliam
1298 4140 1486 4224 quamlibet

357 4245 490 4334 exigere
506 4251 674 4332 presumat
699 4243 741 4310 ab
757 4243 886 4311 iisdem.
912 4243 955 4312 vt
970 4246 1068 4330 igitur
1084 4245 1181 4332 hujus
1201 4257 1313 4316 nostre
1328 4251 1484 4320 ratibibi·

359 4355 465 4425 cionis
481 4361 515 4422 et
524 4352 786 4423 confirmacionis
800 4353 912 4438 series,
928 4357 1026 4423 robur
1042 4355 1191 4440 optineat
1207 4365 1364 4443 perpetue
1380 4359 1483 4426 firmi·

354 4464 451 4546 tatis,
469 4482 529 4531 noc
555 4481 711 4549 processu
726 4469 906 4547 temporum
923 4462 957 4530 in
973 4463 1097 4530 irritum
1111 4465 1217 4548 possit
1226 4467 1386 4554 reuocari,
1404 4489 1480 4554 pre·

356 4579 470 4643 sentes
494 4573 712 4640 concessimus
738 4571 865 4638 litteras
891 4570 1031 4658 duplicis
1046 4571 1150 4660 sigilli
1165 4576 1269 4642 nostri
1296 4576 1479 4647 munimine

353 4685 536 4754 roboratas.
553 4680 675 4751 Datum
693 4699 751 4764 per
766 4698 881 4751 manus
897 4679 1032 4752 discreti
1048 4681 1110 4750 viri
1126 4683 1276 4770 magistri
1292 4684 1476 4776 Theodori,
