3166 5238
823 307 983 409 Qe-

347 506 531 587 constituto,
548 509 581 571 et
596 501 637 569 de
652 503 788 588 reliquis
805 503 940 572 totidem
957 506 1023 590 liet,
1039 506 1124 574 sicut
1139 506 1175 573 in
1191 507 1308 574 eadem
1325 507 1456 592 publica
1557 489 1558 506 ¹

348 611 585 684 testificacionc
600 612 800 680 Nunoiorum
816 613 962 700 ipsorum
971 668 981 702 ,
1006 622 1043 683 nt
1058 615 1246 702 predicitur,
1264 615 1459 684 declaratur.
1557 659 1558 664 ,

347 723 437 792 Dicti
452 742 532 792 vero
546 723 666 792 Nuncii
683 721 827 790 eiusdem
844 722 1021 809 Delphini,
1050 725 1182 810 plenam
1203 725 1326 793 adhoc
1343 722 1462 793 baben·

348 839 398 901 tes
415 837 632 917 potestatem,
649 836 684 898 ut
700 829 845 898 constitit
860 829 991 898 nomine
1006 839 1038 897 et
1054 851 1113 916 pro
1132 841 1227 917 parte
1242 838 1311 898 tarn
1327 831 1463 919 predicti

348 940 471 1009 domini
488 937 673 1021 Humberti,
690 937 852 1024 Delphini
867 939 992 1025 patris,
1020 957 1117 1022 quam
1134 939 1280 1008 eiusdem
1302 940 1463 1010 Jobannis

347 1047 556 1140 primogeniti
568 1047 631 1132 sui,
652 1047 889 1116 constituerunt
901 1047 989 1114 dicte
1005 1048 1293 1118 domineBeatrici
1305 1051 1463 1117 dotariun

348 1159 446 1225 trium
462 1156 599 1222 millium
618 1174 798 1224 annuarum
815 1157 967 1224 librarum
985 1159 1223 1226 Turonensium
1235 1158 1464 1244 predictarum,

349 1265 435 1351 qnod
450 1263 536 1332 inira
551 1263 656 1349 primo
672 1263 814 1330 futurum
825 1262 944 1330 festum
961 1263 1111 1332 Omnium
1123 1268 1329 1350 Sanctorum,
1345 1285 1387 1331 ac
1402 1273 1464 1332 tar·

351 1375 425 1442 dius
441 1393 499 1460 per
516 1373 623 1458 ipsum
639 1373 842 1458 Delphinum
858 1393 930 1442 cnm
957 1375 1164 1443 consciencia
1181 1376 1367 1443 senescalli
1390 1379 1464 1444 Pro-

349 1481 459 1550 vincia
475 1482 508 1547 in
525 1488 613 1549 terra
638 1482 847 1547 convenienti
872 1481 1020 1550 eiusdem
1037 1483 1161 1549 valoris
1188 1483 1289 1548 annui
1315 1482 1356 1547 de
1382 1489 1466 1550 terra

350 1587 430 1657 dicti
445 1590 604 1674 Delphini
631 1597 808 1671 statuetur,
834 1591 987 1659 eteniam
1012 1589 1252 1674 distingnetnr3
1279 1590 1367 1658 circa
1384 1590 1465 1674 quod

349 1698 429 1766 dicti
444 1696 563 1766 Nunoii
580 1697 800 1782 promiserunt
810 1716 847 1764 se
864 1698 1009 1766 facturos
1021 1704 1054 1763 et
1071 1703 1249 1781 curaturos,
1267 1701 1354 1781 quod
1365 1700 1465 1777 dictus

349 1813 490 1889 uterque
508 1806 659 1873 dominus
674 1805 871 1890 Delphinus,
889 1812 982 1892 pater
992 1814 1025 1874 et
1040 1804 1137 1892 lilius,
1155 1811 1281 1892 cuncta,
1299 1809 1384 1875 sicut
1398 1828 1465 1892 pre·

349 1920 589 1995 narratarum,
606 1914 829 1982 observabunt
853 1911 1099 1998 inviolabiliter,
1125 1920 1158 1980 et
1174 1912 1352 1980 efficaciter
1368 1915 1464 1982 adim·

349 2023 505 2110 plebunt;
522 2028 638 2089 ettam
654 2019 818 2105 predictus
831 2021 1080 2090 Bartholomens
1097 2023 1227 2088 nomine
1240 2029 1273 2090 et
1289 2043 1348 2108 pro
1366 2029 1465 2109 parte,

350 2151 391 2199 ac
407 2135 439 2199 in
457 2130 601 2198 animam
618 2131 722 2215 ipsius
739 2131 862 2198 domini
878 2129 989 2215 Regis,
1010 2151 1031 2195 a
1047 2149 1111 2213 quo
1127 2129 1167 2194 de
1184 2130 1247 2195 hoc
1263 2132 1397 2215 plenam
1413 2133 1465 2196 ha-

348 2241 436 2324 buit,
462 2247 497 2305 nt
512 2240 669 2327 constitit,
686 2245 901 2326 potestatem,
919 2259 1017 2323 quam
1043 2237 1122 2304 dicti
1137 2240 1256 2304 Nuncii
1282 2240 1413 2306 nomine
1430 2246 1461 2306 et

349 2367 408 2432 pro
424 2353 527 2435 parte,
544 2367 584 2414 ac
600 2348 633 2412 in
650 2348 792 2413 animam
809 2349 953 2432 ipsorum
969 2350 1137 2431 utriusque
1149 2347 1319 2432 Delphini,
1336 2347 1377 2414 de
1395 2367 1461 2432 pre-

350 2456 460 2522 missis
477 2453 626 2521 omnibus
643 2460 676 2519 et
700 2453 842 2538 singulis
867 2454 1086 2540 adimplendis
1111 2463 1144 2521 et
1164 2455 1356 2542 servandis,
1384 2455 1463 2522 sient

348 2563 579 2658 prenominata
595 2569 681 2640 sunt,
698 2563 731 2627 in
749 2565 898 2630 manibus
914 2565 1014 2645 meis,
1031 2563 1170 2649 predicti
1190 2566 1340 2651 Notarii,
1367 2565 1460 2632 tactis

350 2671 577 2740 Sacrosanctis
602 2671 796 2755 Evangeliis
821 2672 1035 2756 prestiterunt
1066 2673 1249 2755 corporalia
1274 2676 1460 2741 iuramenta.

231 2847 233 2854 ,
349 2779 387 2846 In
404 2780 496 2847 euius
512 2779 560 2847 rei
576 2777 684 2862 fidem,
701 2779 921 2846 testimoninm
939 2787 971 2846 et
982 2782 1247 2848 cautelamfacta
1263 2789 1338 2848 sunt
1349 2782 1463 2850 exinde

350 2908 410 2973 por
425 2906 476 2954 me
493 2888 666 2959 Notarium
683 2889 906 2971 supradictum
922 2888 986 2955 dno
1003 2891 1137 2975 publica
1154 2891 1338 2957 consimilia
1354 2893 1463 2958 instru-

350 3003 459 3062 menta
469 3046 479 3079 ,
495 2994 714 3080 pendentibus
731 3004 799 3064 tam
815 2997 919 3081 ipsius
936 2997 1059 3062 domini
1076 2998 1284 3065 Hierusalem
1301 3007 1334 3066 et
1358 3000 1463 3067 Sicilie

350 3105 461 3188 Regis,
478 3125 577 3188 quarn
584 3105 783 3172 Nunciorum
794 3105 937 3190 ipsorum
949 3104 1080 3190 sigillis,
1091 3111 1209 3174 etmea
1222 3109 1463 3194 subscripsione

351 3215 495 3300 mnnita;
523 3232 660 3298 presens
677 3214 803 3282 scilicet
829 3213 934 3281 eidem
951 3214 1120 3298 Dalphino
1133 3235 1196 3302 per
1223 3217 1358 3284 eosdem
1375 3217 1465 3282 Nun·

351 3321 418 3389 cios
443 3321 666 3404 deferendum,
684 3328 717 3388 et
741 3321 880 3387 alterum
904 3340 1006 3407 penes
1032 3321 1138 3407 ipsum
1155 3322 1323 3390 dominum
1348 3325 1466 3410 Regem

351 3429 557 3497 Hierusalem
574 3439 606 3498 et
622 3430 737 3498 Sicilie
757 3431 1028 3499 conservandum.
1045 3430 1163 3498 Actum
1179 3433 1323 3518 Neapoli
1350 3453 1465 3519 mense,

352 3537 405 3608 die
421 3545 455 3605 et
471 3539 658 3608 Indicoione
674 3539 881 3626 pretitulatis.

960 3631 1002 3696 Et
1030 3649 1092 3714 ego
1116 3631 1234 3698 Petrus
1261 3631 1405 3702 Grassus
1429 3636 1466 3702 de

882 3739 1043 3824 Neapoli,
1070 3739 1126 3822 qni
1155 3758 1265 3826 supra,
1293 3742 1414 3826 Regius
1438 3747 1467 3809 et

882 3845 1037 3915 Publicus
1058 3847 1252 3932 Apostolicc
1277 3849 1466 3916 auctoritate

778 3997 780 4000 -
882 3954 1054 4036 Notarius,
1078 3955 1234 4040 predictis
1258 3957 1406 4024 omnibus
1435 3961 1465 4020 et

885 4063 1025 4147 singulis
1044 4062 1187 4147 interlui,
1211 4083 1315 4150 eaque
1337 4065 1460 4152 propria

884 4192 983 4238 manu
1015 4173 1194 4257 subscripsi
1227 4180 1260 4239 et
1288 4172 1455 4260 publicavi,

886 4300 1024 4367 meoque
1045 4283 1140 4352 solito
1163 4283 1257 4369 signo
1273 4283 1401 4370 signavi
1414 4300 1455 4348 ro·

885 4395 993 4474 gatus.

463 4541 547 4614 (Hist.
561 4543 596 4600 de
609 4544 762 4619 Dauphind
772 4544 820 4617 (de
833 4546 1033 4620 Valbonnais.)
1046 4549 1080 4608 P.
1091 4549 1126 4608 11.
1136 4551 1249 4608 77-78,
1265 4548 1356 4620 dcccl.)

789 4717 1039 4729 ..α-...Ἃ
