3188 5238
596 257 743 359 Q

20 471 21 476 ¹
107 455 140 517 et
153 451 283 518 nomine
299 451 377 518 dicti
395 452 518 519 domini
544 447 645 520 D'ucis
662 453 890 537 Venecierum,
911 453 1097 524 Communis
1113 463 1146 524 et
1161 455 1222 523 ho-

106 557 229 624 minurn
249 559 481 645 Veneoiarum,
509 567 545 626 nt
570 581 672 648 snpra
697 559 855 646 seriptum
881 571 939 646 ert,
967 583 1004 630 se
1021 564 1165 634 facturos
1191 571 1223 628 ct

105 674 275 735 curaturos
301 669 387 735 omni
412 672 611 756 exeepeionc
638 675 670 737 ct
686 671 861 739 occasione
888 672 1031 754 remotis,
1049 674 1136 757 quod
1152 691 1224 760 pre·

105 772 214 844 dictus
231 779 347 846 <lomes
364 776 526 864 Georgius
543 786 609 846 tom
627 798 686 846 suo
703 780 832 848 nomine
853 787 885 844 et
900 799 1032 847 suorum
1048 779 1223 864 hominum,

106 903 206 968 quam
233 885 418 954 Communis
443 893 477 953 ct
492 884 654 954 bominum
681 887 829 974 sinisii,
856 894 891 952 ut
916 891 1137 976 supradictum
1163 899 1224 976 cst,

106 993 201 1062 firma
218 1003 251 1062 et
265 1005 340 1064 reto
355 995 498 1080 habebit,
515 1002 549 1061 ct
564 995 707 1078 tenebit,
726 1006 758 1063 et
774 997 970 1079 observabit,
988 1004 1020 1063 ct
1035 997 1226 1083 adimplebit

105 1102 218 1172 omnia
233 1111 266 1170 et
291 1105 422 1189 singula
446 1105 671 1190 suprascripta
682 1158 691 1192 ,
718 1113 751 1172 et
767 1106 936 1188 quodlibet
952 1127 1083 1186 eorum,
1110 1118 1142 1170 et
1161 1127 1225 1172 non

103 1212 324 1283 contrafaciet
337 1216 389 1280 vel
406 1215 516 1281 veniet
541 1213 653 1305 alique
669 1214 811 1295 racione,
830 1215 961 1298 ingenio
979 1215 1048 1282 sive
1067 1236 1168 1284 causa
1184 1214 1225 1280 de

98 1322 175 1405 jure
192 1323 425 1408 reluctare,
454 1323 515 1388 sub
535 1324 630 1408 penis
647 1321 804 1407 predictis
829 1343 887 1407 per
906 1341 961 1388 eos
976 1323 1031 1389 vel
1048 1323 1225 1405 quemlibet

103 1417 217 1498 eorum
235 1431 400 1516 expressis
416 1430 781 1515 solemnistipuleeione
794 1433 959 1514 proruisse
970 1439 1003 1498 et
1019 1432 1226 1518 obligaoionc

103 1541 250 1606 omnium
267 1543 423 1611 bonorum
449 1559 579 1616 suorum
596 1547 629 1606 et
643 1539 820 1624 cujuslibet
837 1558 958 1619 eorum,
977 1559 1035 1624 pro
1059 1541 1226 1623 quantitu-

103 1649 191 1715 tibus
210 1650 416 1736 supradictis,
434 1649 601 1716 mobilium
618 1646 887 1731 etimmobiliu1n‚
911 1648 1115 1733 presencium
1132 1655 1164 1715 ct
1180 1647 1226 1713 fn-

105 1763 262 1825 turorum.
289 1759 371 1823 Aeta
388 1765 421 1824 ct
436 1757 565 1824 firmata
590 1756 718 1822 fuerunt
745 1755 895 1840 predicta
922 1757 1032 1823 omnia
1050 1767 1081 1822 et
1097 1757 1226 1842 singule

105 1864 149 1932 ed
162 1863 319 1934 Obroium
347 1866 457 1934 villam
474 1867 594 1936 Sancte
622 1865 726 1932 Maric
744 1865 931 1930 monialium
950 1864 991 1930 de
1017 1865 1116 1932 Iadre
1132 1867 1165 1932 in
1182 1870 1226 1931 lo-

103 1973 158 2056 gia
185 1973 275 2040 dicte
303 1975 397 2056 ville,
416 1973 621 2060 presentibus
649 1973 812 2041 nobilibus
830 1972 909 2038 viris
926 1973 1067 2040 dominis
1092 1974 1169 2040 Vita
1185 1975 1225 2040 de

105 2079 223 2166 cerne,
241 2091 272 2148 et
288 2081 415 2166 Mergio
440 2081 600 2148 Michacle
616 2081 658 2146 de
676 2081 846 2163 Varioase,
865 2087 897 2144 et
912 2081 1038 2148 Jacobc
1055 2081 1096 2146 de
1112 2082 1229 2148 Zedol-

104 2188 192 2275 linis,
211 2211 251 2256 ac
269 2192 409 2260 dominis
434 2191 576 2274 Rogeric
602 2188 642 2254 dc
670 2189 880 2268 Loureohen,
908 2188 1044 2256 Volzinc
1067 2189 1109 2258 de
1126 2191 1228 2259 Mete·

105 2300 199 2384 farto,
217 2301 327 2368 Micha
343 2301 490 2378 Picario,
518 2300 678 2384 Gregorio
694 2299 781 2364 dioto
799 2301 921 2366 cresco
942 2298 983 2362 de
1000 2299 1124 2366 Botone
1151 2299 1230 2368 civi·

105 2410 165 2476 bus
181 2411 400 2479 Jadrensibus
426 2420 458 2477 et
474 2410 548 2478 aliis
575 2411 725 2495 pluribus
751 2409 888 2474 testibus
916 2409 958 2474 od
976 2407 1036 2474 hee
1058 2409 1182 2476 vocetis
1198 2417 1231 2475 et

106 2518 243 2604 rogatis.
361 2557 363 2564 ,

698 2624 771 2708 Ego
797 2623 960 2694 Antonius
986 2624 1151 2709 quondam
1167 2626 1230 2694 Bo-

641 2731 784 2800 lunduzii
800 2733 842 2800 de
855 2734 1180 2820 Bononiclmpericli
1198 2741 1232 2800 et

647 2840 846 2909 Prefectorie
868 2843 1065 2914 auctoritate
1079 2842 1182 2910 Iudex
1198 2851 1231 2910 ct

644 2947 804 3018 Notarius
829 2951 987 3036 predictis
1012 2952 1230 3022 omnibusin·

644 3059 741 3125 terfui
766 3066 799 3126 et
824 3067 977 3145 utsupra
995 3057 1116 3144 legitur
1140 3079 1231 3144 roge·

644 3175 695 3234 tus
711 3168 842 3252 publice
860 3168 987 3252 scripsi.

153 3379 193 3453 (A
208 3380 316 3450 „Liber
329 3377 498 3436 Paetorum“
510 3377 598 3434 ozimii
613 3381 761 3437 velencnei
774 3379 961 3452 dllsmkb'nyv
973 3381 1023 3438 ΙΙΙ.
1038 3379 1187 3438 kecetebdl

629 3471 672 3528 66.
685 3470 715 3542 l.)

540 3785 542 3788 .
551 3785 559 3788 -
564 3782 812 3791 -mm--m—--

170 4700 273 4750 bonust
285 4698 364 4750 uduo.
374 4699 550 4749 trien—uiri„
562 4707 595 4748 ro.
