3188 5238
515 314 671 413 Β.
775 335 776 338 ,

52 509 172 579 iliorum
189 509 329 592 Inance,
356 529 418 593 que
433 512 528 578 nobis
553 513 586 578 in
603 509 744 578 diversis
763 511 868 594 Regni
892 507 996 579 nostri
1012 507 1143 595 expedi-

50 619 183 688 cionibus
199 601 409 685 laudabiliter
425 619 656 704 impenderunt
671 620 764 700 locis,
790 627 822 687 et
838 619 1040 705 temporibus
1056 637 1149 703 opor·

27 767 29 772 .
50 729 132 809 turris,
149 734 182 793 et
197 728 276 810 quia
291 728 395 795 eciam
410 729 569 813 magister
584 728 772 813 Aladarius,
782 727 885 795 irater
901 729 1057 816 ipsorum,
1073 725 1150 792 fide-

49 838 83 904 lis
95 836 185 902 miles
202 841 324 921 noster,
340 837 374 902 in
384 838 637 922 expugnacione
654 837 755 904 castri
767 836 913 904 Adorian
923 836 1044 921 uocati,
1063 834 1149 918 quod

47 945 165 1030 quidem
182 952 325 1011 castrum
350 943 560 1012 detinebatur
585 949 701 1010 contra
717 951 864 1012 nostram
892 945 1030 1028 Regiam
1049 943 1149 1008 Maie-

48 1061 170 1135 statem,
191 1051 299 1118 extitit
324 1054 561 1138 interemptus,
587 1054 769 1139 predictam
786 1062 907 1120 terram
923 1053 1039 1139 Budey
1054 1071 1149 1119 uoca-

46 1171 110 1244 tam,
127 1180 225 1243 qnam
241 1161 367 1227 Nikkel
383 1169 416 1228 et
431 1162 581 1228 Andreae
599 1160 659 1228 tilii
674 1163 779 1246 Pauli,
796 1169 828 1226 et
838 1161 926 1228 filius
941 1160 1047 1245 ipsius
1063 1155 1142 1226 Nik-

47 1271 94 1338 kel
107 1268 257 1356 Lubyan,
274 1275 306 1333 et
321 1270 514 1337 Dominicis
531 1269 615 1338 filius
633 1271 798 1353 eiusdem,
815 1272 934 1339 Oornel
955 1278 987 1338 et
1003 1270 1146 1356 Stepha-

46 1397 107 1461 nus,
124 1398 162 1441 ac
177 1375 237 1442 filii
254 1379 420 1444 Valentini
438 1385 470 1445 et
488 1380 548 1446 filii
564 1378 721 1464 Ohompo,
734 1377 955 1464 jobbagiones
975 1379 1076 1446 castri
1093 1397 1149 1442 nc·

44 1490 94 1552 stri
108 1487 327 1554 Musuniensis
343 1488 579 1575 possidebant,
609 1490 664 1570 qui
681 1508 720 1556 eo
737 1478 905 1574 tempore,
925 1509 997 1557 cnm
1016 1505 1075 1553 nos
1091 1505 1151 1573 per

44 1596 225 1681 magistrum
240 1593 425 1664 Jobannem
442 1597 543 1664 filium
568 1597 700 1665 Henriei
716 1598 801 1663 Bani
825 1598 949 1665 detenti
974 1597 1150 1678 fueramus,

43 1705 136 1773 nostri
151 1709 249 1770 erant
265 1703 431 1791 custodes,
449 1725 513 1791 per
528 1705 670 1772 eundem
686 1705 874 1791 magistrum
891 1703 1078 1772 Jobannem
1095 1704 1149 1769 de-

42 1813 155 1900 putati,
172 1819 206 1878 et
223 1819 338 1880 contra
354 1821 499 1882 nostram
527 1815 664 1899 Regiam
680 1814 888 1882 Maiestatem
911 1817 1149 1900 processerunt,

42 1921 279 1988 indeteneione
295 1929 413 1989 nostra
436 1942 564 1990 omnem
583 1920 678 1992 nobis
698 1922 850 2010 iujuriam
870 1921 1040 1990 inferendo
1050 1971 1059 2005 ‚
1076 1939 1150 2007 pro·

40 2037 103 2116 pter
118 2049 231 2097 eornm
257 2050 410 2101 excessus
435 2032 620 2100 huiusmodi
645 2033 789 2100 notorios
815 2034 1025 2132 manifestos,
1054 2035 1086 2096 et
1101 2030 1148 2096 in-

41 2138 225 2206 fidelitatem
250 2139 392 2224 ipsorum
418 2140 645 2224 manifestam,
673 2140 714 2207 de
731 2161 894 2209 consensu
905 2192 914 2226 ,
932 2141 1102 2208 voluntate
1116 2145 1151 2206 et

42 2248 241 2336 beneplacito
257 2249 464 2318 Prelatornm
490 2256 523 2316 et
538 2251 704 2317 Beronum
728 2251 835 2338 Regni
851 2251 956 2318 nostri
965 2301 973 2334 ,
1002 2268 1044 2317 ao
1059 2246 1150 2316 nobi·

41 2355 109 2423 lium
135 2377 236 2440 quam
253 2356 485 2444 plurimorum,
512 2359 554 2429 ab
573 2360 698 2427 eisdem
716 2357 904 2427 infidelibus
923 2357 1043 2426 nostris
1060 2357 1149 2426 aufe·
1182 2401 1186 2406 -

41 2465 147 2550 rendo,
165 2465 356 2532 memoratis
380 2467 497 2547 Petro,
525 2466 684 2534 Ladislao
702 2475 734 2533 et
751 2465 895 2537 Jobanni
906 2517 915 2552 ,
938 2465 1014 2533 filiis
1029 2466 1150 2532 Iuance
1175 2508 1178 2512 -

41 2589 77 2638 ao
90 2571 166 2638 filiis
182 2571 297 2640 fratris
315 2592 426 2640 eorum
451 2572 601 2640 Aladarii
617 2574 806 2659 supradicti,
824 2573 995 2660 dedimus,
1012 2572 1149 2642 donari·

40 2701 103 2750 mus
117 2688 151 2749 et
168 2681 389 2764 contulimus,
414 2703 477 2750 non
493 2690 561 2750 tam
578 2684 670 2770 ipsis,
687 2703 783 2770 quam
800 2685 945 2770 ipsorum
963 2683 1149 2770 heredibus,

41 2787 257 2876 heredumque
283 2811 411 2858 suorum
439 2793 684 2861 successoribus
710 2795 780 2860 iure
796 2800 954 2882 perpetuo
971 2798 1006 2860 et
1020 2791 1148 2860 irreuo-

40 2897 181 2968 rabiliter
198 2897 338 2986 pacifice
354 2900 608 2987 possidendam,
635 2904 813 2970 tenendam
829 2903 953 2988 pariter
978 2906 1011 2966 et
1026 2900 1149 2968 haben-

39 3007 115 3075 dam.
134 3007 173 3075 In
191 3008 286 3076 cuiue
301 3009 349 3075 rei
366 3010 575 3096 memoriam,
595 3018 853 3100 perpetuamque
869 3011 1058 3079 firmitatem
1074 3029 1148 3096 pre·

40 3127 142 3187 sentes
160 3119 387 3188 concessimus
404 3121 550 3204 litteras,
569 3109 709 3208 duplicis
726 3120 830 3207 sigilli
850 3120 953 3186 nostri
971 3117 1148 3187 munimine

39 3227 219 3297 roboratas.
247 3229 368 3295 Datum
393 3249 451 3318 per
477 3251 594 3298 manns
619 3230 819 3299 venerabilis
843 3229 947 3318 patris
972 3226 1149 3316 Theodori,

39 3337 95 3403 Dei
110 3339 231 3424 gracia
255 3337 414 3424 Episcopi
430 3339 636 3420 Jauriensis,
660 3341 735 3410 aule
752 3346 863 3409 nostre
883 3337 1148 3407 Viae-Cancella-

39 3447 90 3530 rii,
107 3447 226 3514 dilecti
251 3450 285 3511 et
311 3446 418 3515 fidelis
443 3451 568 3532 nostri,
594 3469 679 3516 anno
697 3450 740 3516 ab
765 3447 1003 3518 Incarnacione
1019 3445 1149 3513 Domini

37 3553 82 3618 Μ’)
96 3555 168 3624 00⁰
184 3557 403 3641 nonagesimo
419 3559 541 3642 quinto,
564 3561 676 3642 quinto
685 3557 849 3628 kalendas
860 3556 1022 3640 Octobris,
1043 3557 1149 3654 Regni

38 3671 138 3732 autom
154 3666 264 3732 nostri
279 3683 365 3732 anno
385 3673 488 3734 sexto,

454 3859 511 3926 (Aa
525 3862 634 3918 eredeti
648 3860 743 3922 utini

465 4169 714 4182 --n—-a-n--a-—u—
