3166 5238
623 274 787 385 „hl-{r-

141 467 266 534 Datum
282 468 441 537 Laterani
467 468 504 536 V.
525 471 690 540 kalendas
707 471 898 560 Februarii,
922 474 1139 546 Pontificatus
1166 481 1273 548 nostri

142 594 229 643 auno
251 574 377 660 quinto.
853 630 855 634 ,

252 685 289 751 In
318 703 346 752 e.
363 703 405 751 m.
434 685 564 756 dilectis
590 687 668 756 filiis
693 690 832 757 vasallis
847 691 999 758 Ecclesia
1024 695 1271 780 Strigoniensis.

139 791 376 863 Preteritorum
388 794 546 864 exhibitio
557 802 617 864 etc.
633 802 669 864 ut
688 817 789 882 supra
800 817 905 884 usque
916 801 1038 870 mentio
1049 799 1270 872 sithabeuda.

142 899 308 980 Quocirca
322 901 533 972 universitati
557 911 668 974 vestre
683 925 744 991 per
769 906 961 992 Apostolica
987 911 1111 995 scripta
1136 913 1270 980 manda·

140 1029 233 1094 mus,
252 1017 414 1094 quatenus
430 1011 570 1080 eundem
596 1013 634 1080 G.
661 1019 818 1098 tanquam
844 1016 1095 1085 Procuratorem
1121 1019 1270 1088 eiusdem

139 1109 380 1203 Strigouiensis
397 1121 548 1189 Ecelesie
566 1141 587 1190 a
603 1123 719 1206 uobis,
745 1129 781 1188 ιιι
796 1123 984 1212 predicitur,
1001 1125 1187 1196 ordinatum
1213 1129 1269 1196 de-

138 1225 212 1295 bita
226 1225 472 1298 honorificentia
489 1237 750 1317 prosequentes,
768 1231 798 1297 ei
820 1230 1013 1299 fidelitatem
1032 1233 1183 1322 solitam,
1208 1255 1270 1302 nec

139 1353 208 1402 non
225 1335 339 1403 debita
356 1345 390 1404 et
409 1344 567 1405 consueta
593 1339 731 1406 servitia
756 1345 789 1406 et
814 1339 886 1404 iura
904 1339 1050 1408 eiusdem
1067 1341 1197 1409 avobis
1214 1343 1269 1408 de-

140 1442 212 1511 bita
228 1445 384 1514 exhibere
402 1447 528 1534 integre
545 1447 706 1516 studeatis
724 1473 731 1515 :
756 1447 903 1531 alioquin
914 1449 1112 1516 sententiam
1126 1449 1199 1516 sive
1214 1469 1270 1536 pe·

140 1572 230 1638 nam,
248 1573 328 1638 quas
345 1556 433 1624 idem
450 1559 488 1626 G.
504 1557 567 1625 rite
592 1557 704 1625 tulerit
718 1575 777 1622 seu
794 1556 948 1625 statuerit
961 1558 994 1624 iu
1011 1557 1161 1644 rebelles,
1177 1567 1269 1628 ratas

138 1663 348 1748 habebimus,
375 1669 407 1730 et
430 1665 588 1733 faciemus
605 1670 740 1731 auctore
755 1663 916 1749 Domino,
942 1683 1049 1748 usque
1074 1662 1119 1732 ad
1136 1665 1268 1735 satisfa-

139 1773 281 1839 ctionem
297 1770 495 1856 condignam
513 1771 751 1841 inviolabiliter
768 1773 950 1839 observari.
968 1770 1092 1840 Datum
1108 1775 1268 1842 Laterani

137 1880 179 1946 V.
197 1878 358 1948 kalendas
375 1880 558 1966 Februarii,
575 1879 790 1948 Pontificatus
805 1881 910 1947 nostri
926 1900 1015 1948 anno
1032 1881 1155 1964 quinto.

248 1990 287 2055 In
316 2011 344 2054 e.
361 2009 404 2055 m.
429 1989 677 2058 venerabilibus
701 1987 858 2058 fratribus
876 1990 1103 2076 suffraganeis
1119 1989 1268 2060 Ecclesia

137 2095 386 2186 Strigoniensis.
412 2099 646 2168 Preteritorum
674 2099 833 2166 exhibitio
851 2106 966 2169 etant
986 2121 1088 2188 supra
1104 2119 1206 2186 usque
1224 2100 1268 2167 sit

1 2217 3 2248 1
136 2207 305 2275 habenda.
332 2207 495 2288 Quocirca
512 2207 710 2276 fraternitati
727 2214 910 2296 vestreper
924 2209 1116 2295 Apostolica
1142 2210 1268 2296 scripta

138 2315 353 2404 mandamus,
380 2322 564 2401 quatenus,
595 2317 703 2385 eidem
719 2316 758 2384 (i.
785 2326 943 2401 tauquam
959 2319 1166 2387 Procuratori
1182 2318 1268 2386 dicte

138 2423 379 2508 strigoniensis
394 2423 545 2493 Ecclesia
562 2444 583 2492 a
599 2425 705 2513 nobis,
721 2431 757 2490 ιιι
772 2425 963 2511 predicitur,
981 2424 1142 2512 ordinato,
1153 2445 1265 2510 quam·

1 2568 5 2578 ·
136 2535 198 2600 diu
213 2533 475 2617 procurationem
493 2539 525 2603 et
544 2531 862 2604 administrationem
877 2535 981 2621 ipsius
998 2536 1150 2623 gesserit,
1171 2537 1268 2604 obse·

1 2629 8 2691 ἕ
138 2647 289 2730 quantes,
306 2649 339 2710 et
355 2641 547 2712 exhibentes
559 2644 591 2712 ei
601 2644 824 2712 obedientiam
841 2650 874 2712 et
889 2645 1105 2714 reversetiam
1121 2643 1266 2712 debitam

1 2753 7 2802 l
137 2756 176 2817 et
191 2750 354 2838 devotam,
371 2751 474 2837 ipsius
499 2749 686 2820 salubribus
702 2751 835 2820 monitis
852 2756 885 2820 et
900 2753 1065 2820 mandatis
1086 2751 1267 2821 efficaciter

4 2881 9 2910 ι
137 2857 343 2947 intendatis;
361 2859 407 2925 ita
423 2858 511 2942 quod
536 2867 649 2928 mutua
673 2859 835 2928 intervos
852 2860 1006 2945 etipsum
1024 2860 1134 2943 gratia
1152 2864 1267 2946 gratos

137 2967 298 3034 sortiatur
313 2966 468 3056 effectus,
485 2973 518 3038 et
533 2987 594 3038 nos
610 2968 820 3038 devotionem
848 2975 993 3037 vestram
1008 2969 1173 3053 possimus
1193 2986 1265 3053 pro-

8 3086 12 3128 ι
137 3081 257 3161 pterea
276 3077 309 3144 in
335 3076 475 3144 Domino
491 3095 555 3144 non
571 3077 734 3146 immerito
751 3078 990 3146 commendare.
1016 3074 1173 3161 Alioquin
1192 3094 1267 3146 sen·

1 3183 4 3193 '
138 3185 288 3270 tentiam,
305 3204 403 3268 quarn
419 3183 507 3254 idem
524 3184 563 3254 a.
580 3184 642 3252 rite
658 3185 768 3254 tulerit
784 3183 817 3250 in
834 3183 987 3269 rebelles,
1003 3191 1110 3252 ratam
1128 3183 1266 3252 habebi·

10 3325 12 3336 ν
136 3313 220 3378 mus,
237 3294 734 3364 etfaciemusauctoreDomino
745 3311 848 3378 usque
861 3291 905 3359 ad
922 3291 1183 3360 satisfactionem
1193 3308 1267 3356 con·

138 3403 275 3486 diguam
291 3403 527 3472 inviolabiliter
548 3403 730 3472 observari.
741 3403 863 3472 Datum
873 3400 1030 3471 Laterani
1045 3399 1085 3466 V.
1102 3396 1266 3468 kalendas

139 3511 327 3599 Februarii,
343 3511 558 3589 Pontificatus
574 3513 681 3582 nostri
697 3531 782 3581 anno
798 3512 921 3596 quinto.

246 3618 285 3688 Iu
302 3641 331 3689 e.
356 3643 398 3688 m.
415 3621 543 3692 dilectis
560 3622 638 3690 filiis
666 3621 816 3707 capitulo
841 3619 992 3688 Ecclesia
1008 3617 1165 3688 Albensis
1185 3618 1264 3685 Ves-

1 3763 8 3792 ι.
141 3727 332 3816 primieusis
357 3728 517 3800 Diocesis.
540 3730 772 3799 Preteritorum
798 3727 957 3797 exhibitio
975 3734 1036 3795 etc.
1053 3732 1090 3792 ut
1106 3742 1266 3812 supraas·

0 3889 9 3902 ,
140 3857 203 3922 que
220 3846 309 3908 esset
324 3837 488 3908 habenda.
515 3839 677 3919 Quocirca
693 3837 900 3906 universitati
926 3840 1036 3906 vestre
1051 3855 1110 3921 per
1125 3835 1266 3922 Aposto-

1 4015 6 4021 ,
141 3951 205 4018 lica
221 3949 346 4034 scripta
362 3941 563 4032 mandamus,
590 3956 752 4031 quatenus
769 3945 876 4016 eidem
894 3947 933 4015 G.
955 3953 1111 4029 tanquam
1128 3941 1265 4010 admini-

10 4083 16 4094 ‘
138 4057 276 4126 stratori
292 4057 439 4124 eiusdem
456 4057 612 4125 Albensis
629 4055 779 4125 Ecclesie
796 4076 817 4122 a
832 4055 939 4140 nobis,
956 4062 993 4123 at
1007 4052 1197 4140 predicitur,
1214 4069 1264 4118 or-

10 4198 17 4253 ,ε
137 4169 263 4254 dinato,
280 4166 436 4252 quamdiu
456 4165 774 4235 administrationem
789 4163 975 4233 huiusmodi
990 4159 1139 4245 gesserit,
1160 4157 1264 4226 humi-

12 4317 16 4361 ,
136 4280 214 4346 liter
230 4274 449 4360 intendentes,
467 4282 501 4343 et
517 4275 711 4345 exhibentes
727 4274 931 4357 eitauquam
948 4270 1098 4340 eiusdem
1114 4269 1266 4337 Ecclesia
1321 4299 1323 4302 ·

2 4451 10 4474 ι,
137 4385 296 4453 Albensis
314 4383 486 4470 Proposito
497 4384 716 4454 obedientiam
727 4390 760 4451 et
768 4381 987 4450 reverentiam
1000 4378 1146 4447 debitam
1165 4381 1198 4446 et
1213 4377 1267 4445 de·

9 4566 11 4575 ,
135 4499 262 4579 votam,
279 4490 350 4561 eius
365 4491 512 4560 salubria
526 4493 649 4561 monita
668 4498 701 4561 et
717 4488 875 4558 mandata
885 4487 1075 4574 suscipiatis
1092 4486 1213 4556 devote
1225 4505 1266 4553 ac

135 4598 316 4670 efficaciter
327 4600 510 4688 adimplere
532 4601 670 4670 curetis:
687 4597 836 4684 alioquin
851 4592 1265 4685 senteutiam,quamidem
