3262 5242
832 339 985 438 jc„-

346 537 389 602 eti
406 537 590 606 saluatoris
607 537 648 605 de
675 536 817 606 Pesonio
835 536 943 620 facta,
970 533 1060 602 aliud
1083 555 1144 622 par
1159 555 1258 624 snper
1286 537 1465 604 collacione

346 645 513 713 cuiusdam
529 653 616 712 terre
643 647 792 712 similiter
808 646 949 712 Zelcnch
975 651 1180 732 nuncupate;
1207 652 1358 732 petentes
1374 667 1396 712 a
1412 665 1466 710 no·

346 759 415 822 stra
431 751 604 819 Maiestate
622 773 695 820 cum
711 753 881 840 instancia,
898 759 934 821 vt
943 751 1159 820 donacionem
1170 754 1212 821 de
1229 752 1387 840 predictis
1405 759 1467 818 ter-

345 862 401 949 ris,
417 861 482 947 ipsi
499 861 647 930 Ecclesia
665 861 779 930 Sancti
804 861 988 930 Saluatoris
1005 861 1148 948 iactam,
1173 869 1281 930 ratam
1296 859 1420 927 habere
1436 867 1467 927 et

346 971 461 1037 eadem
478 969 653 1058 priuilegia
682 975 794 1038 nostro
820 971 1032 1053 dignaremur
1060 970 1236 1056 priuilegio
1263 969 1465 1036 confirmare.

262 1143 264 1152 ,
345 1079 487 1158 Quorum
504 1079 636 1163 quidem
652 1079 903 1166 priuilegiorum
920 1079 1016 1146 vuius
1031 1085 1124 1147 tenor
1139 1081 1218 1148 talis
1236 1085 1312 1146 est:

451 1187 625 1255 Ladizlaus
642 1187 703 1254 stb.
730 1191 818 1266 (Ltsd
834 1193 916 1265 Fejer
933 1194 1002 1250 God.
1028 1195 1106 1268 Dipl.
1123 1195 1157 1252 v.
1182 1196 1240 1252 ket.
1269 1196 1297 1250 2.
1314 1213 1336 1250 r.
1354 1193 1430 1250 521.
1448 1193 1465 1249 l.

344 1303 392 1358 hol
408 1303 536 1359 azoubau
551 1303 671 1359 hibiaan
686 1302 788 1359 tetetilr
807 1303 890 1358 1279
909 1300 995 1374 erre.)

451 1405 532 1472 Item
549 1405 686 1472 alterius
702 1404 871 1489 priuilegij
888 1404 994 1470 forma
1009 1405 1086 1470 talis
1103 1411 1178 1472 est:

451 1513 627 1581 Laditlaus
653 1513 717 1582 sib.
744 1517 833 1591 (Laod
856 1520 951 1577 felebb
977 1519 1213 1593 Okmitnytdrunk
1238 1520 1287 1576 IV.
1313 1514 1466 1574 kotettben

347 1627 419 1684 214.
437 1625 471 1696 l.)

453 1727 550 1816 (N)os
567 1731 666 1815 igitur
683 1731 880 1816 peticionem
906 1729 1065 1798 dictorum
1090 1729 1255 1814 Prepesiti
1271 1735 1304 1795 et
1320 1726 1466 1812 Capituli

345 1838 555 1906 Posoniensis
582 1842 834 1909 considerantes
861 1842 931 1910 iore
954 1840 1134 1923 legitimam
1152 1845 1185 1905 et
1211 1846 1465 1905 consentaneam

344 1945 476 2029 racioni,
494 1953 526 2012 et
542 1966 592 2034 ea,
609 1965 672 2030 que
683 1966 742 2032 per
759 1949 866 2035 ipsum
884 1944 1052 2013 dominum
1064 1945 1255 2010 Ladislanm
1271 1945 1393 2025 Regem
1410 1963 1466 2028 pa·

345 2054 481 2119 truelem
497 2063 663 2143 nostrum,
689 2056 807 2122 intuitu
824 2055 959 2141 pietatis
976 2054 1103 2139 prefate
1123 2054 1274 2121 Ecclesia
1290 2051 1465 2118 Posonien-

345 2161 392 2228 sis
409 2160 487 2237 data
504 2170 537 2231 et
553 2164 673 2232 collata
690 2165 884 2247 extiterunt,
911 2171 985 2231 rata
1000 2162 1169 2248 hebentes,
1187 2169 1219 2230 et
1235 2160 1463 2228 nichilominus

346 2266 431 2356 (lgy)
447 2272 688 2360 approbantes,
714 2269 867 2358 predicta
884 2270 1060 2358 priuilegia
1085 2270 1127 2339 de
1143 2271 1245 2339 uerbo
1272 2273 1314 2337 ad
1332 2270 1463 2338 uerbum

345 2378 552 2462 presentibus
569 2378 668 2447 inseri
684 2379 840 2446 faciende
851 2430 859 2463 ,
886 2381 927 2447 de
947 2378 1148 2448 Prelaterum
1169 2388 1203 2448 et
1216 2380 1381 2445 Beronum
1407 2401 1463 2446 no-

345 2493 504 2571 strorum,
531 2487 588 2569 qui
613 2496 784 2571 presentes
810 2488 967 2575 aderant,
994 2489 1155 2576 consilio,
1181 2487 1331 2555 duximus
1353 2487 1463 2554 contir-

344 2595 466 2661 manda
476 2644 484 2678 ,
503 2595 550 2662 ita
559 2648 568 2683 ,
587 2594 672 2678 quod
687 2617 826 2682 presens
841 2606 954 2667 nostra
971 2598 1168 2665 ratihabicio
1194 2604 1227 2666 et
1243 2594 1461 2682 confirmacio,

343 2703 464 2788 prioris
491 2704 682 2772 donacionis
708 2707 925 2774 irreuocabile
951 2715 983 2776 et
1009 2715 1203 2793 perpetuum
1228 2707 1271 2773 sit
1287 2706 1460 2772 munimen.

344 2812 500 2881 'Veientes
516 2821 549 2880 et
574 2814 679 2883 edicto
700 2816 823 2904 Regio,
848 2817 1007 2904 perpetue
1033 2814 1207 2902 duraturo,
1234 2815 1459 2900 concedentes,

343 2921 431 3002 quod
449 2929 638 3005 prenotatas
661 2929 787 3009 terras,
814 2943 886 2991 cum
904 2944 1017 2993 carum
1034 2921 1230 2990 vtilitatibus
1254 2929 1287 2989 et
1303 2923 1461 3006 pertinen·

343 3028 405 3114 eijs
421 3028 593 3107 uniuersis,
610 3031 778 3099 memorati
794 3032 985 3116 Prepesitus
1002 3037 1034 3097 et
1050 3028 1235 3116 Capitulum
1251 3028 1460 3097 Posoniensis

342 3137 491 3206 Ecclesie
507 3147 666 3225 perpetuo
694 3141 891 3226 possideant
916 3139 1054 3223 pacifice
1070 3145 1102 3207 ct
1118 3139 1235 3222 quiete.
1252 3137 1292 3202 Iu
1308 3139 1398 3206 cuius
1414 3138 1460 3206 rei

341 3247 531 3315 memoriam
556 3256 589 3317 et
611 3258 803 3336 perpetuam
828 3249 1014 3316 firmitatem
1039 3254 1212 3334 presentes
1238 3247 1459 3314 concessimus

342 3353 488 3443 litteras,
515 3356 654 3442 duplicis
681 3357 783 3442 sigilli
807 3355 914 3426 nostri
938 3356 1119 3424 munimine
1136 3353 1314 3422 roboratas.
1339 3356 1459 3422 Datum

341 3482 400 3547 per
416 3485 531 3532 manus
547 3465 750 3534 honorabilis
766 3476 799 3536 et
815 3465 949 3534 discreti
965 3465 1028 3531 viri
1039 3463 1189 3549 magistri
1204 3462 1371 3532 Theodori
1386 3466 1460 3534 Pre-

341 3570 440 3658 positi
455 3571 613 3641 Albensis
630 3575 705 3643 aule
721 3583 830 3643 nostre
846 3573 1167 3658 Vico-Oaucellarij,
1185 3571 1293 3640 dilecti
1309 3581 1343 3642 ct
1356 3571 1461 3640 fidelis

341 3679 454 3764 nostri,
470 3699 558 3747 anne
571 3681 703 3748 Domini
718 3681 768 3748 Μο
781 3681 851 3749 00⁰
868 3684 1083 3767 nonagesimo
1099 3681 1214 3768 primo,
1230 3681 1336 3768 Regni
1351 3688 1460 3750 autem

341 3789 443 3857 noatri
458 3809 546 3858 auno
562 3789 718 3858 secundo.

340 3982 474 4058 (Hirtya.
488 3985 515 4042 Α
528 3983 628 4058 pecset
641 3985 795 4043 vereszdld
807 3985 936 4058 selymen
957 3983 1083 4058 fiiggtitt.
1096 3949 1385 4059 Pozsonykdptalani
1403 4006 1461 4046 ma·

530 4072 726 4152 gdnlevdltdr,
740 4076 839 4151 (lapsa
852 4077 884 4136 O.
896 4079 982 4138 Face.
995 4080 1021 4135 6.
1034 4076 1086 4137 Nr.
1099 4079 1144 4136 65.
1155 4077 1273 4149 Kacuz.)

795 4370 1026 4387 “m
