3188 5238
842 365 990 470 —1-1-6-

365 559 581 636 conectunt
600 568 633 628 et
649 562 761 630 veniet
777 561 890 644 aliquo
907 560 1060 648 racione,
1085 561 1219 642 ingenio
1236 561 1306 629 sire
1323 579 1429 630 esusc
1443 557 1483 626 dc
1588 597 1590 610 ¹

359 667 435 756 jure
451 669 559 739 uelde
585 671 673 738 fecto
700 669 760 737 sub
777 671 872 755 penis
898 667 1055 756 predictis
1081 688 1143 754 per
1169 689 1226 736 eos
1243 677 1277 736 et
1305 668 1482 752 quemlibet

363 795 472 846 eorum
489 776 697 866 syndicorum
714 778 867 866 superius
884 777 1062 862 expressis,
1078 778 1242 866 solempni
1258 777 1480 864 stipulacione
1589 775 1590 782 ’

361 885 522 973 promisso
532 937 541 973 ,
559 892 592 954 et
608 885 816 972 obligcoione
838 887 979 954 omnium
994 884 1150 953 bonorum
1172 884 1334 954 dictorum
1351 904 1481 956 suorum

362 991 585 1064 Communium
601 1001 635 1062 et
658 993 833 1080 cujuslibet
852 1014 961 1064 eorum
979 1012 1038 1078 pro
1064 994 1305 1076 quantitatibus
1332 994 1482 1081 supradi-

353 1103 423 1178 ctis
440 1101 606 1172 mobilium
623 1110 655 1170 et
670 1103 896 1186 immobilium,
912 1105 1116 1188 presencium
1134 1108 1167 1168 et
1187 1102 1382 1172 futurorum.
1398 1105 1482 1172 Acte

360 1217 394 1279 ct
409 1209 537 1280 firmata
562 1211 692 1277 fuerunt
708 1211 856 1298 predicta
884 1212 915 1277 in
933 1212 1046 1295 platee
1070 1212 1259 1279 Communis
1286 1209 1390 1278 Jndre
1407 1231 1483 1296 pre·
1589 1231 1590 1292 ξ

361 1320 508 1390 sentibus
525 1319 691 1386 nobilibus
707 1321 787 1389 viris
805 1319 943 1388 dominis
960 1319 1079 1388 Berchi
1104 1319 1275 1406 Seladini,
1303 1318 1483 1404 Lompredi
1589 1381 1590 1388 ,

361 1427 515 1512 Zeuolell,
531 1426 668 1498 Andrea
684 1427 725 1494 de
742 1428 867 1514 (lande,
885 1427 1048 1496 Damione
1067 1427 1108 1493 de
1125 1427 1237 1510 Nesci,
1256 1433 1290 1492 et
1309 1427 1425 1496 Blasio
1444 1429 1483 1496 do
1589 1425 1590 1520 l

362 1534 470 1622 sepe,
486 1535 612 1606 civibus
638 1534 937 1620 Jadretinensibus,
956 1541 987 1602 et
1003 1535 1080 1602 aliis
1106 1535 1256 1620 pluribus
1276 1536 1415 1604 testibus
1442 1536 1484 1604 cd
1589 1523 1590 1530 ἵ

360 1643 422 1712 hoo
440 1645 564 1714 vocatis
581 1652 615 1711 et
630 1644 768 1728 rogatis.

946 1753 1016 1837 Ego
1042 1751 1204 1817 Antonius
1226 1753 1391 1834 quondam
1406 1756 1482 1820 Ro-

895 1860 1036 1926 landnzii
1053 1861 1094 1926 de
1105 1860 1253 1927 Bononia
1264 1861 1436 1946 imperiali
1452 1866 1482 1926 et

892 1967 1094 2034 Profectorie
1113 1969 1310 2036 auctoritate
1322 1968 1433 2035 ludex
1449 1977 1480 2036 et

891 2075 1046 2142 Notarius
1073 2074 1233 2160 predictis
1260 2075 1412 2142 omnibus
1435 2077 1479 2141 in·

891 2181 989 2248 terfui
1006 2190 1039 2250 et
1056 2193 1088 2248 ut
1114 2202 1214 2266 supra
1237 2183 1358 2267 legitur
1387 2203 1478 2268 roge·

892 2296 943 2356 tus
960 2291 1089 2376 publice
1111 2291 1242 2375 scripsi.

689 2453 734 2554 (u.
748 2504 773 2540 ο.
789 2485 836 2540 111.
852 2484 911 2540 ket.
932 2483 1046 2540 ro-un.
1062 2483 1103 2556 ιι.)

786 2774 1055 2785 ...ο-..Ἥ
