3214 5238
582 311 741 418 m

96 512 252 582 Michaeli
267 515 333 583 filio
349 519 461 602 Lngas
477 516 631 603 vendite,
650 515 734 582 sicut
750 513 915 597 quanlitas
940 512 1045 598 ipsius
1062 514 1224 600 particule

95 629 183 688 terre
199 623 329 690 vendite
346 623 379 690 in
395 624 572 709 priuilegio
593 622 740 690 eiusdem
758 621 930 688 Michaelis
949 621 1152 706 continetur,
1169 624 1224 691 de·

97 731 158 817 dit,
175 733 311 798 tradidit
328 740 361 799 et
371 733 506 799 eontulit
522 730 682 818 predictis
693 731 829 797 Edeuch
847 735 879 794 et
896 730 1023 797 Barkes
1041 733 1223 799 comitibus

95 838 250 906 similiter
261 838 416 906 heredum
427 859 485 926 per
502 841 641 908 heredes
657 846 815 925 perpetue
832 835 970 920 pacifice
989 838 1222 921 possidendam

95 952 130 1014 et
146 947 343 1014 habendam.
361 948 433 1017 Hoc
450 949 632 1036 peripsum
649 948 808 1017 (tomitem
825 947 949 1033 Mykou
965 947 1154 1032 specialiter
1170 967 1222 1014 aa·

94 1061 194 1139 supto
211 1052 297 1143 (lgy)
314 1058 402 1139 quod
419 1058 448 1124 si
464 1059 571 1142 ipsam
591 1055 789 1143 particulam
806 1061 904 1141 terre,
921 1055 1090 1124 Michaelis
1107 1057 1223 1127 videli-

95 1170 151 1229 cet
166 1163 225 1248 lilij
243 1163 366 1249 Lagea,
383 1167 606 1250 supradictam
624 1165 664 1232 de
674 1165 750 1250 ipsa
766 1171 854 1232 terra
870 1165 969 1232 Zeleu
984 1164 1073 1249 apud
1089 1165 1222 1235 eosdem

94 1269 232 1337 Edeuch
248 1279 282 1339 et
296 1272 424 1340 Berkes
441 1274 586 1342 Comites
602 1272 700 1340 modo
717 1272 888 1358 prehabito
906 1278 1074 1361 statutam,
1092 1297 1220 1346 conser-

93 1397 176 1446 uare
193 1400 257 1447 non
279 1388 403 1467 posset,
429 1388 548 1448 extunc
565 1380 607 1447 de
633 1386 721 1446 terra
740 1397 802 1448 aua
818 1381 952 1465 propria
968 1385 1075 1450 Bussa
1101 1392 1221 1454 vocata

93 1495 221 1558 tantam
237 1490 435 1574 particulam
460 1497 547 1560 terre
564 1495 596 1558 et
612 1495 704 1557 tante
719 1489 881 1575 utilitatis,
899 1499 1024 1573 quanta
1044 1495 1157 1578 porcio
1174 1495 1220 1561 di-

94 1598 141 1664 cti
157 1597 327 1666 Michaelis
343 1599 404 1686 filij
422 1599 533 1686 Lugas
549 1600 583 1664 in
599 1599 676 1684 ipsa
695 1604 784 1664 terra
808 1597 907 1665 Zelen
933 1601 1003 1666 lore
1029 1599 1224 1684 dinoscitur,

96 1706 284 1792 assignabit
300 1708 425 1776 eisdem
442 1709 578 1777 Mdeuch
594 1714 626 1775 et
641 1709 769 1778 Berkes
785 1707 1006 1792 Oomitibus,a
1022 1718 1117 1796 parte
1133 1717 1219 1780 terre

94 1813 206 1901 Zelen,
222 1817 464 1903 perhempniter
483 1815 718 1903 possidendam
732 1839 740 1902 ;
757 1823 869 1901 partes
886 1823 1001 1884 contra
1026 1819 1167 1888 inuicem
1184 1839 1220 1888 se

94 1921 231 1989 tirmiter
256 1925 454 2011 obligantes,
473 1925 604 2009 quodsi
629 1927 685 2009 qui
704 1943 862 2009 processu
885 1930 1067 2010 temporum
1092 1937 1220 2013 partem

94 2032 240 2115 aliquam
257 2033 298 2100 de
308 2035 390 2122 ipsis
405 2035 555 2119 partibus
574 2055 675 2120 super
690 2033 775 2118 ipsis
790 2034 1055 2117 possessionibus
1072 2036 1218 2120 utrisque

93 2141 244 2224 partibus
256 2143 351 2208 modo
362 2143 522 2227 premisso
533 2163 591 2228 per
601 2142 740 2210 formam
752 2143 935 2229 concambij
947 2146 1063 2212 satutis
1075 2143 1162 2233 (lgy')
1174 2146 1220 2210 in-

93 2255 209 2334 petere
219 2256 276 2314 aut
286 2248 463 2316 molestare
479 2248 670 2332 niterentur,
680 2267 746 2315 una
757 2267 835 2333 pars
846 2249 986 2336 alteram
996 2251 1063 2318 suis
1080 2252 1220 2338 propriis

92 2356 265 2424 laboribus
282 2364 315 2424 et
339 2358 494 2442 expensis
516 2355 696 2425 defendere
713 2356 896 2441 tenebitur,
914 2359 1026 2441 sicque
1052 2379 1117 2426 una
1141 2381 1219 2446 pars

92 2465 194 2533 aliam
210 2465 244 2530 in
270 2463 407 2550 pacifica
432 2465 642 2550 possessione
663 2465 823 2531 dictarum
849 2471 1008 2532 terrarum
1035 2466 1131 2534 modo
1146 2487 1221 2555 pre·

93 2573 196 2642 misso
213 2581 469 2657 permutatarum
487 2595 523 2644 se
539 2580 650 2643 mutuo
675 2574 815 2641 inuicem
841 2591 969 2660 semper
990 2576 1218 2661 conseruabit;

93 2690 129 2750 et
145 2683 242 2751 ambe
258 2690 372 2768 partes
388 2685 571 2752 secundum
590 2682 675 2767 quod
686 2689 943 2767 assumpserant,
960 2690 994 2749 et
1009 2702 1045 2748 se
1061 2705 1119 2770 per
1135 2684 1220 2752 litte·

92 2810 149 2858 ras
166 2790 289 2857 domini
305 2791 406 2876 Regis
424 2793 655 2878 obligauerunt
670 2790 704 2856 in
720 2789 896 2858 Dominioa
912 2791 1063 2876 proxima
1079 2799 1156 2858 ante
1173 2793 1218 2858 fe·

92 2909 180 2968 stum
198 2901 374 2969 Sancti-
389 2939 433 2950 —
450 2937 492 2950 -
509 2906 722 2970 accesserunt
738 2901 782 2968 ad
803 2899 921 2968 faciem
939 2900 1102 2968 dictarum
1118 2907 1221 2970 terra·

92 3031 164 3077 rum
181 3019 337 3097 presente
354 3011 480 3079 Gemite
496 3011 622 3079 Thomu
641 3010 682 3077 de
702 3012 798 3097 Dray
813 3009 942 3076 homine
960 3011 1082 3077 domini
1107 3012 1218 3096 Regis,

92 3127 128 3188 et
143 3119 287 3188 discreto
303 3122 374 3189 viro
391 3120 578 3190 Walentino
596 3120 768 3188 sacerdote
783 3121 914 3206 ydoneo
931 3126 964 3187 et
980 3119 1148 3202 fidedigno
1164 3141 1220 3188 no·

92 3237 163 3298 stro
180 3229 379 3314 testimonio,
397 3239 430 3297 et
446 3233 637 3300 conuocatis
653 3231 734 3299 inibi
760 3230 876 3298 uicinis
893 3229 1077 3295 eorumdem
1093 3229 1220 3314 predict

90 3375 137 3388 --
154 3376 198 3388 -
214 3373 258 3388 ·-
269 3378 310 3388 -
327 3342 423 3406 metis
440 3339 659 3424 infrascriptis
678 3340 767 3406 idem
782 3339 879 3406 homo
890 3339 1014 3406 domini
1029 3339 1131 3424 Regis
1147 3358 1219 3423 pre·

91 3453 191 3514 sente
209 3449 325 3516 eodem
348 3456 460 3517 nostro
487 3446 675 3514 testimonio
691 3449 841 3534 partibus
858 3449 992 3534 statuit,
1019 3454 1117 3536 prout
1131 3455 1220 3536 post·

90 3556 229 3624 modum
245 3557 291 3624 ad
306 3577 367 3624 nos
383 3557 508 3624 reuersi
525 3558 620 3626 uobis
646 3557 853 3626 concorditer
876 3557 1065 3641 retulerunt,
1084 3559 1171 3642 quod
1187 3565 1221 3624 et

90 3665 196 3751 ijdem
213 3665 328 3734 Comes
344 3667 481 3735 Edench
499 3674 531 3734 et
547 3668 674 3734 Berkes
685 3667 789 3735 frater
805 3687 894 3751 suus,
912 3675 945 3733 et
960 3667 1033 3754 ipse
1050 3667 1095 3734 (lo
1113 3704 1157 3715 --
1173 3699 1217 3714 -

89 3809 138 3824 -·
154 3795 194 3842 ae
210 3773 370 3844 Nicolaus
387 3783 419 3842 et
436 3775 605 3845 Johannes
622 3773 681 3859 filij
702 3774 836 3842 Comitis
853 3775 956 3863 Byter
971 3795 1031 3860 pro
1048 3796 1084 3843 se
1109 3780 1142 3842 et
1157 3795 1216 3861 pro

91 3884 172 3966 alijs
188 3883 344 3952 fratribus
362 3903 473 3953 eorum
490 3884 524 3952 in
540 3884 644 3952 nostri
667 3884 845 3968 presencia
868 3865 1085 3970 personaliter
1101 3883 1219 3952 consti·

90 3992 157 4058 tuti
167 3991 347 4060 seeundum
362 4027 407 4041 -
423 4031 468 4041 —-
478 4031 522 4046 ·-
541 4027 578 4041 -
598 3997 676 4059 sunt
686 3991 852 4076 confessi3
869 4001 1019 4077 preterea
1030 3992 1217 4059 adiecerunt

91 4103 196 4170 etiam
211 4102 313 4188 ijdem
329 4125 440 4174 coram
460 4102 565 4188 nobis,
578 4104 748 4186 quodcum
760 4103 918 4190 magister
934 4103 1095 4190 Stephani
1111 4105 1216 4171 etlin-

90 4212 152 4278 dre
168 4245 213 4262 --
229 4249 272 4262 --
288 4247 333 4261 -
347 4214 428 4280 dree
444 4213 541 4279 Gurui
558 4233 616 4298 pro
632 4233 668 4281 se
685 4221 718 4280 et
733 4233 792 4298 pro
809 4211 942 4279 Andrea
953 4212 1053 4283 fratre
1070 4213 1217 4297 ipsorum

90 4341 205 4388 eoram
221 4320 353 4388 domino
364 4323 453 4406 Rege
465 4321 684 4406 personaliter
694 4326 912 4405 conparantes
922 4321 1069 4406 prefatos
1081 4321 1218 4387 Edeuoh

90 4437 126 4496 et
142 4431 268 4498 Berkes
285 4430 429 4497 Comites
452 4431 538 4501 lilios
562 4432 715 4519 Dyonisij
742 4429 785 4496 ab
799 4430 987 4498 huiusmodi
1012 4429 1218 4498 alienacione

90 4557 151 4605 seu
179 4542 426 4623 permutacione
451 4538 599 4624 predicte
616 4546 704 4608 terre
720 4540 829 4623 Puch,
846 4545 879 4606 et
904 4537 1029 4625 suprad
1055 4573 1098 4586 -
1115 4577 1157 4588 -
1173 4575 1217 4587 -

87 4647 157 4716 kou
175 4671 196 4716 a
211 4649 1109 4734 recepcioneeiusdemprohibereuoluissentdiceutes,
1128 4648 1217 4731 quod
1281 4711 1286 4721 .
