<?xml version="1.0" encoding="UTF-8"?>
<!DOCTYPE html PUBLIC "-//W3C//DTD XHTML 1.0 Transitional//EN"
    "http://www.w3.org/TR/xhtml1/DTD/xhtml1-transitional.dtd">
<html xmlns="http://www.w3.org/1999/xhtml" xml:lang="en" lang="en">
 <head>
  <title>
</title>
<meta http-equiv="Content-Type" content="text/html;charset=utf-8" />
  <meta name='ocr-system' content='tesseract 3.04.00' />
  <meta name='ocr-capabilities' content='ocr_page ocr_carea ocr_par ocr_line ocrx_word'/>
</head>
<body>
  <div class='ocr_page' id='page_1' title='image "./codexdiplomatic02wenzgoog_0226.png"; bbox 0 0 3166 5238; ppageno 0'>
   <div class='ocr_carea' id='block_1_1' title="bbox 866 377 1018 477">
    <p class='ocr_par' dir='ltr' id='par_1_1' title="bbox 866 377 1018 477">
     <span class='ocr_line' id='line_1_1' title="bbox 866 377 1018 477; baseline 0 -34"><span class='ocrx_word' id='word_1_1' title='bbox 866 377 1018 477; x_wconf 48' lang='lat' dir='ltr'>mg</span> 
     </span>
    </p>
   </div>
   <div class='ocr_carea' id='block_1_2' title="bbox 297 573 1495 4578">
    <p class='ocr_par' dir='ltr' id='par_1_2' title="bbox 297 573 1495 4578">
     <span class='ocr_line' id='line_1_2' title="bbox 377 573 1493 662; baseline 0 -18"><span class='ocrx_word' id='word_1_2' title='bbox 377 575 546 644; x_wconf 75' lang='lat' dir='ltr'><strong>contineri.</strong></span> <span class='ocrx_word' id='word_1_3' title='bbox 564 573 761 642; x_wconf 81' lang='lat' dir='ltr'>Adiecerunt</span> <span class='ocrx_word' id='word_1_4' title='bbox 778 577 900 662; x_wconf 85' lang='lat' dir='ltr'>eciam,</span> <span class='ocrx_word' id='word_1_5' title='bbox 927 577 1014 660; x_wconf 86' lang='lat' dir='ltr'>quod</span> <span class='ocrx_word' id='word_1_6' title='bbox 1031 577 1119 644; x_wconf 84' lang='lat' dir='ltr'>iacta</span> <span class='ocrx_word' id='word_1_7' title='bbox 1136 575 1322 647; x_wconf 85' lang='lat' dir='ltr'>huiusmodi</span> <span class='ocrx_word' id='word_1_8' title='bbox 1348 579 1493 646; x_wconf 86' lang='lat' dir='ltr'>reambu-</span> 
     </span>
     <span class='ocr_line' id='line_1_3' title="bbox 375 681 1495 770; baseline 0.004 -20"><span class='ocrx_word' id='word_1_9' title='bbox 375 681 503 752; x_wconf 87' lang='lat' dir='ltr'>lacione</span> <span class='ocrx_word' id='word_1_10' title='bbox 520 687 632 766; x_wconf 86' lang='lat' dir='ltr'>partes</span> <span class='ocrx_word' id='word_1_11' title='bbox 660 681 807 770; x_wconf 78' lang='lat' dir='ltr'>predicte</span> <span class='ocrx_word' id='word_1_12' title='bbox 833 703 891 770; x_wconf 91' lang='lat' dir='ltr'>per</span> <span class='ocrx_word' id='word_1_13' title='bbox 908 682 1078 749; x_wconf 82' lang='lat' dir='ltr'>arbitrium</span> <span class='ocrx_word' id='word_1_14' title='bbox 1096 685 1252 753; x_wconf 83' lang='lat' dir='ltr'>nobilium</span> <span class='ocrx_word' id='word_1_15' title='bbox 1279 687 1418 752; x_wconf 89' lang='lat' dir='ltr'>virorum</span> <span class='ocrx_word' id='word_1_16' title='bbox 1435 688 1495 754; x_wconf 89' lang='lat' dir='ltr'>Bo·</span> 
     </span>
     <span class='ocr_line' id='line_1_4' title="bbox 375 787 1494 879; baseline 0.001 -21"><span class='ocrx_word' id='word_1_17' title='bbox 375 793 441 878; x_wconf 87' lang='lat' dir='ltr'>gud</span> <span class='ocrx_word' id='word_1_18' title='bbox 456 799 490 860; x_wconf 87' lang='lat' dir='ltr'>et</span> <span class='ocrx_word' id='word_1_19' title='bbox 502 789 663 876; x_wconf 83' lang='lat' dir='ltr'>Stephani</span> <span class='ocrx_word' id='word_1_20' title='bbox 678 789 737 876; x_wconf 85' lang='lat' dir='ltr'>filij</span> <span class='ocrx_word' id='word_1_21' title='bbox 755 790 828 858; x_wconf 82' lang='lat' dir='ltr'>Aba</span> <span class='ocrx_word' id='word_1_22' title='bbox 852 787 1032 872; x_wconf 70' lang='lat' dir='ltr'>Comitum,</span> <span class='ocrx_word' id='word_1_23' title='bbox 1060 794 1283 860; x_wconf 81' lang='lat' dir='ltr'>amicabilium</span> <span class='ocrx_word' id='word_1_24' title='bbox 1301 793 1494 879; x_wconf 87' lang='lat' dir='ltr'>composito·</span> 
     </span>
     <span class='ocr_line' id='line_1_5' title="bbox 375 899 1494 988; baseline -0.003 -20"><span class='ocrx_word' id='word_1_25' title='bbox 375 923 463 988; x_wconf 89' lang='lat' dir='ltr'>rum,</span> <span class='ocrx_word' id='word_1_26' title='bbox 488 906 620 987; x_wconf 88' lang='lat' dir='ltr'>propter</span> <span class='ocrx_word' id='word_1_27' title='bbox 637 899 756 966; x_wconf 89' lang='lat' dir='ltr'>bonum</span> <span class='ocrx_word' id='word_1_28' title='bbox 781 900 874 984; x_wconf 89' lang='lat' dir='ltr'>pacis</span> <span class='ocrx_word' id='word_1_29' title='bbox 892 899 934 964; x_wconf 91' lang='lat' dir='ltr'>ad</span> <span class='ocrx_word' id='word_1_30' title='bbox 951 901 1127 968; x_wconf 81' lang='lat' dir='ltr'>concordie</span> <span class='ocrx_word' id='word_1_31' title='bbox 1143 903 1298 972; x_wconf 90' lang='lat' dir='ltr'>rnioncm</span> <span class='ocrx_word' id='word_1_32' title='bbox 1322 901 1494 970; x_wconf 86' lang='lat' dir='ltr'>devenien-</span> 
     </span>
     <span class='ocr_line' id='line_1_6' title="bbox 374 1009 1492 1098; baseline -0.004 -18"><span class='ocrx_word' id='word_1_33' title='bbox 374 1019 437 1098; x_wconf 89' lang='lat' dir='ltr'>tes,</span> <span class='ocrx_word' id='word_1_34' title='bbox 453 1021 483 1078; x_wconf 89' lang='lat' dir='ltr'>et</span> <span class='ocrx_word' id='word_1_35' title='bbox 500 1009 639 1076; x_wconf 88' lang='lat' dir='ltr'>eandem</span> <span class='ocrx_word' id='word_1_36' title='bbox 654 1013 773 1076; x_wconf 90' lang='lat' dir='ltr'>terram</span> <span class='ocrx_word' id='word_1_37' title='bbox 791 1009 946 1096; x_wconf 80' lang='lat' dir='ltr'>Koarzeg</span> <span class='ocrx_word' id='word_1_38' title='bbox 961 1017 1111 1078; x_wconf 86' lang='lat' dir='ltr'>uocatam</span> <span class='ocrx_word' id='word_1_39' title='bbox 1128 1015 1259 1079; x_wconf 91' lang='lat' dir='ltr'>aterris</span> <span class='ocrx_word' id='word_1_40' title='bbox 1274 1012 1492 1098; x_wconf 88' lang='lat' dir='ltr'>predictorum</span> 
     </span>
     <span class='ocr_line' id='line_1_7' title="bbox 374 1119 1494 1208; baseline 0.002 -22"><span class='ocrx_word' id='word_1_41' title='bbox 374 1121 530 1190; x_wconf 88' lang='lat' dir='ltr'>nobilium</span> <span class='ocrx_word' id='word_1_42' title='bbox 545 1125 735 1208; x_wconf 88' lang='lat' dir='ltr'>separatam</span> <span class='ocrx_word' id='word_1_43' title='bbox 753 1119 897 1202; x_wconf 88' lang='lat' dir='ltr'>antiquis</span> <span class='ocrx_word' id='word_1_44' title='bbox 924 1123 1019 1188; x_wconf 89' lang='lat' dir='ltr'>metis</span> <span class='ocrx_word' id='word_1_45' title='bbox 1037 1122 1140 1206; x_wconf 90' lang='lat' dir='ltr'>ipsius</span> <span class='ocrx_word' id='word_1_46' title='bbox 1164 1123 1332 1191; x_wconf 89' lang='lat' dir='ltr'>renouatis</span> <span class='ocrx_word' id='word_1_47' title='bbox 1348 1121 1494 1205; x_wconf 89' lang='lat' dir='ltr'>reliquis·</span> 
     </span>
     <span class='ocr_line' id='line_1_8' title="bbox 373 1227 1495 1318; baseline -0.002 -20"><span class='ocrx_word' id='word_1_48' title='bbox 373 1237 446 1299; x_wconf 89' lang='lat' dir='ltr'>sent</span> <span class='ocrx_word' id='word_1_49' title='bbox 463 1229 568 1297; x_wconf 90' lang='lat' dir='ltr'>eidem</span> <span class='ocrx_word' id='word_1_50' title='bbox 584 1227 743 1314; x_wconf 85' lang='lat' dir='ltr'>magistro</span> <span class='ocrx_word' id='word_1_51' title='bbox 767 1227 899 1295; x_wconf 83' lang='lat' dir='ltr'>Andrec</span> <span class='ocrx_word' id='word_1_52' title='bbox 924 1247 1005 1316; x_wconf 91' lang='lat' dir='ltr'>pure</span> <span class='ocrx_word' id='word_1_53' title='bbox 1022 1238 1055 1296; x_wconf 91' lang='lat' dir='ltr'>ct</span> <span class='ocrx_word' id='word_1_54' title='bbox 1071 1231 1282 1317; x_wconf 88' lang='lat' dir='ltr'>simpliciter,</span> <span class='ocrx_word' id='word_1_55' title='bbox 1309 1231 1448 1318; x_wconf 85' lang='lat' dir='ltr'>pacifice</span> <span class='ocrx_word' id='word_1_56' title='bbox 1465 1239 1495 1296; x_wconf 91' lang='lat' dir='ltr'>et</span> 
     </span>
     <span class='ocr_line' id='line_1_9' title="bbox 373 1334 1493 1426; baseline -0.001 -22"><span class='ocrx_word' id='word_1_57' title='bbox 373 1339 482 1424; x_wconf 87' lang='lat' dir='ltr'>quiete</span> <span class='ocrx_word' id='word_1_58' title='bbox 498 1334 686 1426; x_wconf 86' lang='lat' dir='ltr'>possidere,</span> <span class='ocrx_word' id='word_1_59' title='bbox 713 1335 863 1403; x_wconf 91' lang='lat' dir='ltr'>omnibus</span> <span class='ocrx_word' id='word_1_60' title='bbox 880 1335 990 1405; x_wconf 86' lang='lat' dir='ltr'>litibus</span> <span class='ocrx_word' id='word_1_61' title='bbox 1015 1339 1242 1422; x_wconf 79' lang='lat' dir='ltr'>questionibus</span> <span class='ocrx_word' id='word_1_62' title='bbox 1259 1347 1291 1406; x_wconf 86' lang='lat' dir='ltr'>et</span> <span class='ocrx_word' id='word_1_63' title='bbox 1308 1339 1493 1408; x_wconf 85' lang='lat' dir='ltr'>contencio·</span> 
     </span>
     <span class='ocr_line' id='line_1_10' title="bbox 372 1444 1491 1534; baseline -0.004 -18"><span class='ocrx_word' id='word_1_64' title='bbox 372 1449 469 1516; x_wconf 88' lang='lat' dir='ltr'>uibus</span> <span class='ocrx_word' id='word_1_65' title='bbox 485 1466 584 1534; x_wconf 90' lang='lat' dir='ltr'>super</span> <span class='ocrx_word' id='word_1_66' title='bbox 600 1446 688 1514; x_wconf 87' lang='lat' dir='ltr'>facto</span> <span class='ocrx_word' id='word_1_67' title='bbox 706 1444 852 1513; x_wconf 90' lang='lat' dir='ltr'>ciusdem</span> <span class='ocrx_word' id='word_1_68' title='bbox 878 1451 963 1514; x_wconf 89' lang='lat' dir='ltr'>terre</span> <span class='ocrx_word' id='word_1_69' title='bbox 978 1449 1064 1514; x_wconf 87' lang='lat' dir='ltr'>inter</span> <span class='ocrx_word' id='word_1_70' title='bbox 1078 1455 1190 1534; x_wconf 86' lang='lat' dir='ltr'>partes</span> <span class='ocrx_word' id='word_1_71' title='bbox 1206 1449 1249 1514; x_wconf 88' lang='lat' dir='ltr'>ab</span> <span class='ocrx_word' id='word_1_72' title='bbox 1265 1448 1405 1531; x_wconf 89' lang='lat' dir='ltr'>antiqno</span> <span class='ocrx_word' id='word_1_73' title='bbox 1420 1465 1491 1513; x_wconf 88' lang='lat' dir='ltr'>sus·</span> 
     </span>
     <span class='ocr_line' id='line_1_11' title="bbox 371 1553 1492 1641; baseline -0.005 -14"><span class='ocrx_word' id='word_1_74' title='bbox 371 1557 499 1628; x_wconf 87' lang='lat' dir='ltr'>scitatis</span> <span class='ocrx_word' id='word_1_75' title='bbox 515 1555 640 1626; x_wconf 85' lang='lat' dir='ltr'>sedatis</span> <span class='ocrx_word' id='word_1_76' title='bbox 665 1555 795 1641; x_wconf 90' lang='lat' dir='ltr'>penitus</span> <span class='ocrx_word' id='word_1_77' title='bbox 811 1559 844 1622; x_wconf 91' lang='lat' dir='ltr'>et</span> <span class='ocrx_word' id='word_1_78' title='bbox 861 1553 988 1641; x_wconf 84' lang='lat' dir='ltr'>sopitis.</span> <span class='ocrx_word' id='word_1_79' title='bbox 1005 1554 1151 1635; x_wconf 85' lang='lat' dir='ltr'>Quarum</span> <span class='ocrx_word' id='word_1_80' title='bbox 1167 1556 1298 1640; x_wconf 87' lang='lat' dir='ltr'>quidem</span> <span class='ocrx_word' id='word_1_81' title='bbox 1322 1562 1492 1636; x_wconf 82' lang='lat' dir='ltr'>termmm,</span> 
     </span>
     <span class='ocr_line' id='line_1_12' title="bbox 371 1661 1492 1750; baseline -0.005 -14"><span class='ocrx_word' id='word_1_82' title='bbox 371 1667 499 1736; x_wconf 88' lang='lat' dir='ltr'>scilicet</span> <span class='ocrx_word' id='word_1_83' title='bbox 514 1664 667 1750; x_wconf 80' lang='lat' dir='ltr'>Koaraog</span> <span class='ocrx_word' id='word_1_84' title='bbox 691 1663 814 1750; x_wconf 87' lang='lat' dir='ltr'>prelati</span> <span class='ocrx_word' id='word_1_85' title='bbox 839 1665 993 1750; x_wconf 76' lang='lat' dir='ltr'>magistri</span> <span class='ocrx_word' id='word_1_86' title='bbox 1019 1665 1171 1750; x_wconf 85' lang='lat' dir='ltr'>Andree,</span> <span class='ocrx_word' id='word_1_87' title='bbox 1199 1661 1291 1732; x_wconf 86' lang='lat' dir='ltr'>Koar</span> <span class='ocrx_word' id='word_1_88' title='bbox 1314 1670 1349 1731; x_wconf 90' lang='lat' dir='ltr'>et</span> <span class='ocrx_word' id='word_1_89' title='bbox 1374 1664 1492 1732; x_wconf 82' lang='lat' dir='ltr'>Chala-</span> 
     </span>
     <span class='ocr_line' id='line_1_13' title="bbox 370 1771 1493 1863; baseline -0.002 -19"><span class='ocrx_word' id='word_1_90' title='bbox 370 1777 436 1844; x_wconf 82' lang='lat' dir='ltr'>mia</span> <span class='ocrx_word' id='word_1_91' title='bbox 451 1774 672 1863; x_wconf 89' lang='lat' dir='ltr'>predictorum</span> <span class='ocrx_word' id='word_1_92' title='bbox 688 1771 845 1840; x_wconf 87' lang='lat' dir='ltr'>nobilium</span> <span class='ocrx_word' id='word_1_93' title='bbox 862 1771 904 1840; x_wconf 92' lang='lat' dir='ltr'>de</span> <span class='ocrx_word' id='word_1_94' title='bbox 920 1773 1094 1842; x_wconf 82' lang='lat' dir='ltr'>(lbalamia</span> <span class='ocrx_word' id='word_1_95' title='bbox 1103 1826 1112 1860; x_wconf 88' lang='lat'>‚</span> <span class='ocrx_word' id='word_1_96' title='bbox 1129 1781 1217 1842; x_wconf 90' lang='lat' dir='ltr'>mete</span> <span class='ocrx_word' id='word_1_97' title='bbox 1235 1783 1268 1841; x_wconf 92' lang='lat' dir='ltr'>et</span> <span class='ocrx_word' id='word_1_98' title='bbox 1284 1775 1418 1840; x_wconf 89' lang='lat' dir='ltr'>termini</span> <span class='ocrx_word' id='word_1_99' title='bbox 1433 1775 1493 1843; x_wconf 92' lang='lat' dir='ltr'>boc</span> 
     </span>
     <span class='ocr_line' id='line_1_14' title="bbox 371 1881 1488 1971; baseline -0.004 -18"><span class='ocrx_word' id='word_1_100' title='bbox 371 1885 485 1954; x_wconf 84' lang='lat' dir='ltr'>ordine</span> <span class='ocrx_word' id='word_1_101' title='bbox 509 1882 757 1970; x_wconf 83' lang='lat' dir='ltr'>distinguntur:</span> <span class='ocrx_word' id='word_1_102' title='bbox 783 1881 895 1948; x_wconf 86' lang='lat' dir='ltr'>Prima</span> <span class='ocrx_word' id='word_1_103' title='bbox 921 1888 1009 1952; x_wconf 86' lang='lat' dir='ltr'>meta</span> <span class='ocrx_word' id='word_1_104' title='bbox 1028 1883 1144 1970; x_wconf 84' lang='lat' dir='ltr'>incipit</span> <span class='ocrx_word' id='word_1_105' title='bbox 1168 1905 1190 1951; x_wconf 90' lang='lat' dir='ltr'>a</span> <span class='ocrx_word' id='word_1_106' title='bbox 1213 1889 1310 1971; x_wconf 86' lang='lat' dir='ltr'>parte</span> <span class='ocrx_word' id='word_1_107' title='bbox 1336 1883 1488 1951; x_wconf 78' lang='lat' dir='ltr'>orientali</span> 
     </span>
     <span class='ocr_line' id='line_1_15' title="bbox 369 1990 1492 2076; baseline -0.001 -17"><span class='ocrx_word' id='word_1_108' title='bbox 369 1994 410 2062; x_wconf 90' lang='lat' dir='ltr'>de</span> <span class='ocrx_word' id='word_1_109' title='bbox 426 2000 515 2062; x_wconf 87' lang='lat' dir='ltr'>terra</span> <span class='ocrx_word' id='word_1_110' title='bbox 534 1992 686 2076; x_wconf 83' lang='lat' dir='ltr'>Koaraeg</span> <span class='ocrx_word' id='word_1_111' title='bbox 698 1997 838 2076; x_wconf 82' lang='lat' dir='ltr'>uocata,</span> <span class='ocrx_word' id='word_1_112' title='bbox 862 1990 919 2058; x_wconf 87' lang='lat' dir='ltr'>vbi</span> <span class='ocrx_word' id='word_1_113' title='bbox 935 1998 1010 2059; x_wconf 86' lang='lat' dir='ltr'>sunt</span> <span class='ocrx_word' id='word_1_114' title='bbox 1026 1990 1089 2058; x_wconf 90' lang='lat' dir='ltr'>duc</span> <span class='ocrx_word' id='word_1_115' title='bbox 1105 1998 1192 2061; x_wconf 88' lang='lat' dir='ltr'>mete</span> <span class='ocrx_word' id='word_1_116' title='bbox 1207 1999 1312 2060; x_wconf 84' lang='lat' dir='ltr'>terroe</span> <span class='ocrx_word' id='word_1_117' title='bbox 1328 1992 1424 2059; x_wconf 83' lang='lat' dir='ltr'>iuxta</span> <span class='ocrx_word' id='word_1_118' title='bbox 1437 1991 1492 2058; x_wconf 91' lang='lat' dir='ltr'>flu·</span> 
     </span>
     <span class='ocr_line' id='line_1_16' title="bbox 297 2096 1491 2188; baseline 0.001 -23"><span class='ocrx_word' id='word_1_119' title='bbox 297 2159 300 2165; x_wconf 86' lang='lat'><em>.</em></span> <span class='ocrx_word' id='word_1_120' title='bbox 370 2103 456 2171; x_wconf 91' lang='lat' dir='ltr'>nium</span> <span class='ocrx_word' id='word_1_121' title='bbox 474 2102 572 2188; x_wconf 88' lang='lat' dir='ltr'>Ypul,</span> <span class='ocrx_word' id='word_1_122' title='bbox 588 2105 622 2167; x_wconf 87' lang='lat' dir='ltr'>et</span> <span class='ocrx_word' id='word_1_123' title='bbox 638 2098 682 2169; x_wconf 92' lang='lat' dir='ltr'>ibi</span> <span class='ocrx_word' id='word_1_124' title='bbox 702 2096 791 2165; x_wconf 90' lang='lat' dir='ltr'>cadit</span> <span class='ocrx_word' id='word_1_125' title='bbox 806 2099 839 2166; x_wconf 93' lang='lat' dir='ltr'>in</span> <span class='ocrx_word' id='word_1_126' title='bbox 856 2101 963 2186; x_wconf 86' lang='lat' dir='ltr'>ipsum</span> <span class='ocrx_word' id='word_1_127' title='bbox 973 2097 1106 2167; x_wconf 87' lang='lat' dir='ltr'>fluuium</span> <span class='ocrx_word' id='word_1_128' title='bbox 1120 2101 1227 2188; x_wconf 85' lang='lat' dir='ltr'>Ypul;</span> <span class='ocrx_word' id='word_1_129' title='bbox 1244 2096 1367 2169; x_wconf 90' lang='lat' dir='ltr'>deinde</span> <span class='ocrx_word' id='word_1_130' title='bbox 1382 2107 1491 2170; x_wconf 88' lang='lat' dir='ltr'>antem</span> 
     </span>
     <span class='ocr_line' id='line_1_17' title="bbox 368 2208 1489 2297; baseline 0 -19"><span class='ocrx_word' id='word_1_131' title='bbox 368 2213 475 2280; x_wconf 89' lang='lat' dir='ltr'>tendit</span> <span class='ocrx_word' id='word_1_132' title='bbox 491 2228 606 2279; x_wconf 86' lang='lat' dir='ltr'>uersus</span> <span class='ocrx_word' id='word_1_133' title='bbox 623 2208 791 2276; x_wconf 89' lang='lat' dir='ltr'>meridiem</span> <span class='ocrx_word' id='word_1_134' title='bbox 819 2208 863 2275; x_wconf 88' lang='lat' dir='ltr'>ad</span> <span class='ocrx_word' id='word_1_135' title='bbox 880 2215 1000 2278; x_wconf 90' lang='lat' dir='ltr'>terram</span> <span class='ocrx_word' id='word_1_136' title='bbox 1018 2209 1194 2297; x_wconf 84' lang='lat' dir='ltr'>Lamperti,</span> <span class='ocrx_word' id='word_1_137' title='bbox 1212 2229 1276 2296; x_wconf 88' lang='lat' dir='ltr'>que</span> <span class='ocrx_word' id='word_1_138' title='bbox 1292 2212 1378 2282; x_wconf 85' lang='lat' dir='ltr'>Riba</span> <span class='ocrx_word' id='word_1_139' title='bbox 1394 2230 1489 2279; x_wconf 87' lang='lat' dir='ltr'>voca-</span> 
     </span>
     <span class='ocr_line' id='line_1_18' title="bbox 370 2317 1489 2406; baseline -0.002 -19"><span class='ocrx_word' id='word_1_140' title='bbox 370 2327 431 2404; x_wconf 82' lang='lat' dir='ltr'>tnr,</span> <span class='ocrx_word' id='word_1_141' title='bbox 449 2324 483 2387; x_wconf 87' lang='lat' dir='ltr'>et</span> <span class='ocrx_word' id='word_1_142' title='bbox 498 2319 596 2386; x_wconf 89' lang='lat' dir='ltr'>currit</span> <span class='ocrx_word' id='word_1_143' title='bbox 611 2319 645 2385; x_wconf 93' lang='lat' dir='ltr'>in</span> <span class='ocrx_word' id='word_1_144' title='bbox 662 2317 737 2404; x_wconf 87' lang='lat' dir='ltr'>ipsa</span> <span class='ocrx_word' id='word_1_145' title='bbox 753 2336 841 2402; x_wconf 85' lang='lat' dir='ltr'>aqva</span> <span class='ocrx_word' id='word_1_146' title='bbox 857 2337 917 2404; x_wconf 90' lang='lat' dir='ltr'>per</span> <span class='ocrx_word' id='word_1_147' title='bbox 931 2337 1084 2406; x_wconf 85' lang='lat' dir='ltr'>magnum</span> <span class='ocrx_word' id='word_1_148' title='bbox 1096 2320 1243 2405; x_wconf 89' lang='lat' dir='ltr'>spacium</span> <span class='ocrx_word' id='word_1_149' title='bbox 1260 2318 1378 2404; x_wconf 88' lang='lat' dir='ltr'>eundo,</span> <span class='ocrx_word' id='word_1_150' title='bbox 1398 2327 1433 2387; x_wconf 88' lang='lat' dir='ltr'>et</span> <span class='ocrx_word' id='word_1_151' title='bbox 1447 2321 1489 2388; x_wconf 93' lang='lat' dir='ltr'>ibi</span> 
     </span>
     <span class='ocr_line' id='line_1_19' title="bbox 368 2423 1487 2514; baseline -0.002 -16"><span class='ocrx_word' id='word_1_152' title='bbox 368 2431 458 2498; x_wconf 86' lang='lat' dir='ltr'>uenit</span> <span class='ocrx_word' id='word_1_153' title='bbox 474 2431 517 2498; x_wconf 85' lang='lat' dir='ltr'>ad</span> <span class='ocrx_word' id='word_1_154' title='bbox 536 2423 768 2514; x_wconf 85' lang='lat' dir='ltr'>baradissa(&#39;?)</span> <span class='ocrx_word' id='word_1_155' title='bbox 784 2429 885 2494; x_wconf 86' lang='lat' dir='ltr'>castri</span> <span class='ocrx_word' id='word_1_156' title='bbox 902 2429 937 2496; x_wconf 95' lang='lat' dir='ltr'>in</span> <span class='ocrx_word' id='word_1_157' title='bbox 954 2447 1052 2496; x_wconf 84' lang='lat' dir='ltr'>vnum</span> <span class='ocrx_word' id='word_1_158' title='bbox 1068 2450 1183 2500; x_wconf 87' lang='lat' dir='ltr'>nemus</span> <span class='ocrx_word' id='word_1_159' title='bbox 1209 2431 1253 2498; x_wconf 95' lang='lat' dir='ltr'>ad</span> <span class='ocrx_word' id='word_1_160' title='bbox 1270 2432 1487 2513; x_wconf 88' lang='lat' dir='ltr'>occidentem,</span> 
     </span>
     <span class='ocr_line' id='line_1_20' title="bbox 367 2533 1487 2626; baseline -0.002 -22"><span class='ocrx_word' id='word_1_161' title='bbox 367 2537 454 2622; x_wconf 91' lang='lat' dir='ltr'>quod</span> <span class='ocrx_word' id='word_1_162' title='bbox 479 2539 566 2624; x_wconf 81' lang='lat' dir='ltr'>uulgo</span> <span class='ocrx_word' id='word_1_163' title='bbox 583 2534 683 2600; x_wconf 80' lang='lat' dir='ltr'>bolum</span> <span class='ocrx_word' id='word_1_164' title='bbox 699 2533 829 2622; x_wconf 90' lang='lat' dir='ltr'>dicitur,</span> <span class='ocrx_word' id='word_1_165' title='bbox 847 2546 879 2605; x_wconf 88' lang='lat' dir='ltr'>et</span> <span class='ocrx_word' id='word_1_166' title='bbox 901 2557 1006 2626; x_wconf 86' lang='lat' dir='ltr'>prope</span> <span class='ocrx_word' id='word_1_167' title='bbox 1032 2539 1123 2605; x_wconf 93' lang='lat' dir='ltr'>illum</span> <span class='ocrx_word' id='word_1_168' title='bbox 1146 2540 1358 2607; x_wconf 88' lang='lat' dir='ltr'>monticulum</span> <span class='ocrx_word' id='word_1_169' title='bbox 1375 2559 1487 2626; x_wconf 88' lang='lat' dir='ltr'>parum</span> 
     </span>
     <span class='ocr_line' id='line_1_21' title="bbox 367 2643 1489 2733; baseline -0.002 -19"><span class='ocrx_word' id='word_1_170' title='bbox 367 2643 599 2715; x_wconf 89' lang='lat' dir='ltr'>descendendo</span> <span class='ocrx_word' id='word_1_171' title='bbox 616 2650 692 2712; x_wconf 90' lang='lat' dir='ltr'>sunt</span> <span class='ocrx_word' id='word_1_172' title='bbox 707 2644 770 2713; x_wconf 90' lang='lat' dir='ltr'>due</span> <span class='ocrx_word' id='word_1_173' title='bbox 787 2650 1007 2733; x_wconf 76' lang='lat' dir='ltr'>meteremus,</span> <span class='ocrx_word' id='word_1_174' title='bbox 1025 2649 1108 2714; x_wconf 90' lang='lat' dir='ltr'>etin</span> <span class='ocrx_word' id='word_1_175' title='bbox 1125 2647 1241 2716; x_wconf 89' lang='lat' dir='ltr'>eodem</span> <span class='ocrx_word' id='word_1_176' title='bbox 1258 2667 1394 2716; x_wconf 89' lang='lat' dir='ltr'>nemore</span> <span class='ocrx_word' id='word_1_177' title='bbox 1419 2656 1489 2715; x_wconf 91' lang='lat' dir='ltr'>sunt</span> 
     </span>
     <span class='ocr_line' id='line_1_22' title="bbox 367 2753 1487 2841; baseline -0.001 -19"><span class='ocrx_word' id='word_1_178' title='bbox 367 2756 430 2825; x_wconf 93' lang='lat' dir='ltr'>due</span> <span class='ocrx_word' id='word_1_179' title='bbox 447 2764 555 2824; x_wconf 84' lang='lat' dir='ltr'>terres</span> <span class='ocrx_word' id='word_1_180' title='bbox 572 2762 657 2822; x_wconf 87' lang='lat' dir='ltr'>mete</span> <span class='ocrx_word' id='word_1_181' title='bbox 666 2805 676 2841; x_wconf 92' lang='lat'><em>,</em></span> <span class='ocrx_word' id='word_1_182' title='bbox 704 2753 760 2820; x_wconf 89' lang='lat' dir='ltr'>ubi</span> <span class='ocrx_word' id='word_1_183' title='bbox 777 2753 880 2821; x_wconf 87' lang='lat' dir='ltr'>eciam</span> <span class='ocrx_word' id='word_1_184' title='bbox 895 2759 946 2820; x_wconf 86' lang='lat' dir='ltr'>est</span> <span class='ocrx_word' id='word_1_185' title='bbox 961 2774 1027 2824; x_wconf 87' lang='lat' dir='ltr'>rna</span> <span class='ocrx_word' id='word_1_186' title='bbox 1043 2755 1117 2836; x_wconf 89' lang='lat' dir='ltr'>uia,</span> <span class='ocrx_word' id='word_1_187' title='bbox 1135 2775 1198 2840; x_wconf 87' lang='lat' dir='ltr'>que</span> <span class='ocrx_word' id='word_1_188' title='bbox 1215 2756 1284 2822; x_wconf 87' lang='lat' dir='ltr'>exit</span> <span class='ocrx_word' id='word_1_189' title='bbox 1303 2755 1346 2824; x_wconf 91' lang='lat' dir='ltr'>de</span> <span class='ocrx_word' id='word_1_190' title='bbox 1364 2755 1421 2824; x_wconf 93' lang='lat' dir='ltr'>illo</span> <span class='ocrx_word' id='word_1_191' title='bbox 1437 2775 1487 2823; x_wconf 88' lang='lat' dir='ltr'>ne·</span> 
     </span>
     <span class='ocr_line' id='line_1_23' title="bbox 365 2863 1485 2951; baseline -0.004 -18"><span class='ocrx_word' id='word_1_192' title='bbox 365 2883 465 2951; x_wconf 87' lang='lat' dir='ltr'>more,</span> <span class='ocrx_word' id='word_1_193' title='bbox 482 2871 515 2931; x_wconf 87' lang='lat' dir='ltr'>ct</span> <span class='ocrx_word' id='word_1_194' title='bbox 531 2865 650 2931; x_wconf 89' lang='lat' dir='ltr'>transit</span> <span class='ocrx_word' id='word_1_195' title='bbox 665 2881 764 2930; x_wconf 86' lang='lat' dir='ltr'>uuam</span> <span class='ocrx_word' id='word_1_196' title='bbox 781 2882 935 2950; x_wconf 83' lang='lat' dir='ltr'>magnam</span> <span class='ocrx_word' id='word_1_197' title='bbox 953 2864 1051 2948; x_wconf 85' lang='lat' dir='ltr'>viam,</span> <span class='ocrx_word' id='word_1_198' title='bbox 1069 2866 1125 2932; x_wconf 89' lang='lat' dir='ltr'>vbi</span> <span class='ocrx_word' id='word_1_199' title='bbox 1142 2871 1218 2931; x_wconf 90' lang='lat' dir='ltr'>sunt</span> <span class='ocrx_word' id='word_1_200' title='bbox 1233 2863 1295 2930; x_wconf 92' lang='lat' dir='ltr'>due</span> <span class='ocrx_word' id='word_1_201' title='bbox 1311 2871 1400 2932; x_wconf 91' lang='lat' dir='ltr'>mete</span> <span class='ocrx_word' id='word_1_202' title='bbox 1417 2873 1485 2930; x_wconf 85' lang='lat' dir='ltr'>ter-</span> 
     </span>
     <span class='ocr_line' id='line_1_24' title="bbox 364 2971 1488 3061; baseline -0.001 -21"><span class='ocrx_word' id='word_1_203' title='bbox 364 2994 439 3061; x_wconf 89' lang='lat' dir='ltr'>ree;</span> <span class='ocrx_word' id='word_1_204' title='bbox 456 2971 687 3044; x_wconf 89' lang='lat' dir='ltr'>etindetendit</span> <span class='ocrx_word' id='word_1_205' title='bbox 697 2991 756 3058; x_wconf 88' lang='lat' dir='ltr'>per</span> <span class='ocrx_word' id='word_1_206' title='bbox 766 2979 872 3041; x_wconf 89' lang='lat' dir='ltr'>terras</span> <span class='ocrx_word' id='word_1_207' title='bbox 883 2973 1030 3041; x_wconf 87' lang='lat' dir='ltr'>arabiles</span> <span class='ocrx_word' id='word_1_208' title='bbox 1046 2971 1090 3039; x_wconf 88' lang='lat' dir='ltr'>ad</span> <span class='ocrx_word' id='word_1_209' title='bbox 1101 2991 1196 3041; x_wconf 80' lang='lat' dir='ltr'>unam</span> <span class='ocrx_word' id='word_1_210' title='bbox 1206 2991 1346 3060; x_wconf 84' lang='lat' dir='ltr'>paruam</span> <span class='ocrx_word' id='word_1_211' title='bbox 1357 2973 1488 3051; x_wconf 86' lang='lat' dir='ltr'>siluam,</span> 
     </span>
     <span class='ocr_line' id='line_1_25' title="bbox 365 3077 1486 3168; baseline -0.002 -20"><span class='ocrx_word' id='word_1_212' title='bbox 365 3083 452 3167; x_wconf 88' lang='lat' dir='ltr'>quod</span> <span class='ocrx_word' id='word_1_213' title='bbox 477 3083 563 3168; x_wconf 82' lang='lat' dir='ltr'>uulgo</span> <span class='ocrx_word' id='word_1_214' title='bbox 589 3080 750 3149; x_wconf 89' lang='lat' dir='ltr'>vocabulo</span> <span class='ocrx_word' id='word_1_215' title='bbox 776 3089 935 3146; x_wconf 80' lang='lat' dir='ltr'>creetewcc</span> <span class='ocrx_word' id='word_1_216' title='bbox 960 3079 1090 3166; x_wconf 88' lang='lat' dir='ltr'>dicitur,</span> <span class='ocrx_word' id='word_1_217' title='bbox 1116 3079 1294 3147; x_wconf 78' lang='lat' dir='ltr'>rubenius</span> <span class='ocrx_word' id='word_1_218' title='bbox 1320 3077 1387 3146; x_wconf 84' lang='lat' dir='ltr'>fine</span> <span class='ocrx_word' id='word_1_219' title='bbox 1411 3090 1486 3159; x_wconf 90' lang='lat' dir='ltr'>sunt</span> 
     </span>
     <span class='ocr_line' id='line_1_26' title="bbox 365 3189 1488 3274; baseline -0.007 -14"><span class='ocrx_word' id='word_1_220' title='bbox 365 3193 429 3260; x_wconf 93' lang='lat' dir='ltr'>due</span> <span class='ocrx_word' id='word_1_221' title='bbox 445 3199 551 3260; x_wconf 84' lang='lat' dir='ltr'>terroe</span> <span class='ocrx_word' id='word_1_222' title='bbox 567 3198 673 3267; x_wconf 88' lang='lat' dir='ltr'>mete,</span> <span class='ocrx_word' id='word_1_223' title='bbox 700 3195 734 3256; x_wconf 89' lang='lat' dir='ltr'>et</span> <span class='ocrx_word' id='word_1_224' title='bbox 749 3189 797 3257; x_wconf 90' lang='lat' dir='ltr'>sic</span> <span class='ocrx_word' id='word_1_225' title='bbox 813 3189 907 3256; x_wconf 88' lang='lat' dir='ltr'>iuxta</span> <span class='ocrx_word' id='word_1_226' title='bbox 922 3189 1014 3258; x_wconf 90' lang='lat' dir='ltr'>illam</span> <span class='ocrx_word' id='word_1_227' title='bbox 1039 3189 1155 3258; x_wconf 86' lang='lat' dir='ltr'>siluam</span> <span class='ocrx_word' id='word_1_228' title='bbox 1181 3189 1283 3256; x_wconf 87' lang='lat' dir='ltr'>currit</span> <span class='ocrx_word' id='word_1_229' title='bbox 1306 3207 1368 3274; x_wconf 88' lang='lat' dir='ltr'>per</span> <span class='ocrx_word' id='word_1_230' title='bbox 1383 3195 1488 3255; x_wconf 84' lang='lat' dir='ltr'>metes</span> 
     </span>
     <span class='ocr_line' id='line_1_27' title="bbox 363 3297 1487 3382; baseline -0.003 -14"><span class='ocrx_word' id='word_1_231' title='bbox 363 3323 467 3371; x_wconf 89' lang='lat' dir='ltr'>nonas</span> <span class='ocrx_word' id='word_1_232' title='bbox 491 3318 606 3367; x_wconf 86' lang='lat' dir='ltr'>versus</span> <span class='ocrx_word' id='word_1_233' title='bbox 631 3304 735 3365; x_wconf 89' lang='lat' dir='ltr'>metas</span> <span class='ocrx_word' id='word_1_234' title='bbox 760 3299 903 3382; x_wconf 87' lang='lat' dir='ltr'>priores,</span> <span class='ocrx_word' id='word_1_235' title='bbox 934 3297 988 3369; x_wconf 88' lang='lat' dir='ltr'>vbi</span> <span class='ocrx_word' id='word_1_236' title='bbox 1013 3306 1090 3368; x_wconf 88' lang='lat' dir='ltr'>sunt</span> <span class='ocrx_word' id='word_1_237' title='bbox 1113 3299 1327 3367; x_wconf 89' lang='lat' dir='ltr'>commetanei</span> <span class='ocrx_word' id='word_1_238' title='bbox 1358 3300 1487 3366; x_wconf 89' lang='lat' dir='ltr'>nobiles</span> 
     </span>
     <span class='ocr_line' id='line_1_28' title="bbox 364 3408 1487 3494; baseline -0.007 -14"><span class='ocrx_word' id='word_1_239' title='bbox 364 3414 405 3482; x_wconf 91' lang='lat' dir='ltr'>de</span> <span class='ocrx_word' id='word_1_240' title='bbox 421 3411 614 3494; x_wconf 79' lang='lat' dir='ltr'>Obalamia;</span> <span class='ocrx_word' id='word_1_241' title='bbox 640 3427 704 3494; x_wconf 87' lang='lat' dir='ltr'>que</span> <span class='ocrx_word' id='word_1_242' title='bbox 720 3408 849 3490; x_wconf 88' lang='lat' dir='ltr'>quidem</span> <span class='ocrx_word' id='word_1_243' title='bbox 866 3409 952 3476; x_wconf 86' lang='lat' dir='ltr'>silva</span> <span class='ocrx_word' id='word_1_244' title='bbox 969 3418 1128 3474; x_wconf 75' lang='lat' dir='ltr'>cremonen</span> <span class='ocrx_word' id='word_1_245' title='bbox 1154 3408 1286 3476; x_wconf 93' lang='lat' dir='ltr'>omniuo</span> <span class='ocrx_word' id='word_1_246' title='bbox 1312 3413 1487 3476; x_wconf 79' lang='lat' dir='ltr'>remanent</span> 
     </span>
     <span class='ocr_line' id='line_1_29' title="bbox 364 3514 1488 3602; baseline -0.009 -14"><span class='ocrx_word' id='word_1_247' title='bbox 364 3524 450 3588; x_wconf 85' lang='lat' dir='ltr'>intra</span> <span class='ocrx_word' id='word_1_248' title='bbox 466 3525 571 3587; x_wconf 86' lang='lat' dir='ltr'>metas</span> <span class='ocrx_word' id='word_1_249' title='bbox 599 3514 642 3582; x_wconf 91' lang='lat' dir='ltr'>ad</span> <span class='ocrx_word' id='word_1_250' title='bbox 669 3522 789 3582; x_wconf 90' lang='lat' dir='ltr'>terram</span> <span class='ocrx_word' id='word_1_251' title='bbox 805 3516 959 3600; x_wconf 83' lang='lat' dir='ltr'>Kourzeg</span> <span class='ocrx_word' id='word_1_252' title='bbox 981 3523 1135 3586; x_wconf 87' lang='lat' dir='ltr'>vocatam</span> <span class='ocrx_word' id='word_1_253' title='bbox 1152 3522 1186 3584; x_wconf 91' lang='lat' dir='ltr'>et</span> <span class='ocrx_word' id='word_1_254' title='bbox 1209 3521 1432 3602; x_wconf 82' lang='lat' dir='ltr'>pernotatum,</span> <span class='ocrx_word' id='word_1_255' title='bbox 1458 3522 1488 3580; x_wconf 88' lang='lat' dir='ltr'>et</span> 
     </span>
     <span class='ocr_line' id='line_1_30' title="bbox 363 3623 1485 3709; baseline -0.005 -14"><span class='ocrx_word' id='word_1_256' title='bbox 363 3631 412 3697; x_wconf 88' lang='lat' dir='ltr'>sic</span> <span class='ocrx_word' id='word_1_257' title='bbox 429 3628 631 3696; x_wconf 88' lang='lat' dir='ltr'>terminatur.</span> <span class='ocrx_word' id='word_1_258' title='bbox 655 3626 822 3706; x_wconf 86' lang='lat' dir='ltr'>Preterea‚</span> <span class='ocrx_word' id='word_1_259' title='bbox 839 3623 867 3692; x_wconf 91' lang='lat' dir='ltr'>si</span> <span class='ocrx_word' id='word_1_260' title='bbox 884 3623 1024 3709; x_wconf 87' lang='lat' dir='ltr'>predicti</span> <span class='ocrx_word' id='word_1_261' title='bbox 1039 3626 1168 3693; x_wconf 83' lang='lat' dir='ltr'>nobiles</span> <span class='ocrx_word' id='word_1_262' title='bbox 1185 3625 1360 3693; x_wconf 81' lang='lat' dir='ltr'>Pannanur</span> <span class='ocrx_word' id='word_1_263' title='bbox 1377 3630 1412 3689; x_wconf 89' lang='lat' dir='ltr'>et</span> <span class='ocrx_word' id='word_1_264' title='bbox 1430 3625 1485 3692; x_wconf 83' lang='lat' dir='ltr'>(lo-</span> 
     </span>
     <span class='ocr_line' id='line_1_31' title="bbox 363 3729 1488 3818; baseline -0.007 -14"><span class='ocrx_word' id='word_1_265' title='bbox 363 3755 432 3804; x_wconf 89' lang='lat' dir='ltr'>mes</span> <span class='ocrx_word' id='word_1_266' title='bbox 448 3735 606 3802; x_wconf 83' lang='lat' dir='ltr'>llicolaus</span> <span class='ocrx_word' id='word_1_267' title='bbox 622 3729 663 3798; x_wconf 93' lang='lat' dir='ltr'>de</span> <span class='ocrx_word' id='word_1_268' title='bbox 680 3729 866 3814; x_wconf 74' lang='lat' dir='ltr'>chalamie,</span> <span class='ocrx_word' id='word_1_269' title='bbox 885 3730 975 3800; x_wconf 84' lang='lat' dir='ltr'>Bekc</span> <span class='ocrx_word' id='word_1_270' title='bbox 992 3739 1027 3801; x_wconf 90' lang='lat' dir='ltr'>et</span> <span class='ocrx_word' id='word_1_271' title='bbox 1042 3731 1220 3800; x_wconf 89' lang='lat' dir='ltr'>Ladislaus</span> <span class='ocrx_word' id='word_1_272' title='bbox 1235 3731 1295 3818; x_wconf 87' lang='lat' dir='ltr'>lilij</span> <span class='ocrx_word' id='word_1_273' title='bbox 1313 3731 1399 3816; x_wconf 86' lang='lat' dir='ltr'>eius,</span> <span class='ocrx_word' id='word_1_274' title='bbox 1416 3733 1488 3798; x_wconf 84' lang='lat' dir='ltr'>Ale·</span> 
     </span>
     <span class='ocr_line' id='line_1_32' title="bbox 362 3838 1484 3925; baseline -0.004 -15"><span class='ocrx_word' id='word_1_275' title='bbox 362 3845 436 3910; x_wconf 86' lang='lat' dir='ltr'>xius</span> <span class='ocrx_word' id='word_1_276' title='bbox 452 3843 540 3910; x_wconf 86' lang='lat' dir='ltr'>filius</span> <span class='ocrx_word' id='word_1_277' title='bbox 555 3839 738 3924; x_wconf 82' lang='lat' dir='ltr'>Felieiani,</span> <span class='ocrx_word' id='word_1_278' title='bbox 762 3847 796 3906; x_wconf 91' lang='lat' dir='ltr'>et</span> <span class='ocrx_word' id='word_1_279' title='bbox 810 3838 980 3906; x_wconf 82' lang='lat' dir='ltr'>lohannes</span> <span class='ocrx_word' id='word_1_280' title='bbox 997 3841 1083 3908; x_wconf 86' lang='lat' dir='ltr'>lilius</span> <span class='ocrx_word' id='word_1_281' title='bbox 1099 3840 1276 3908; x_wconf 88' lang='lat' dir='ltr'>Laurcncii</span> <span class='ocrx_word' id='word_1_282' title='bbox 1292 3841 1409 3925; x_wconf 87' lang='lat' dir='ltr'>aliqua</span> <span class='ocrx_word' id='word_1_283' title='bbox 1424 3841 1484 3925; x_wconf 90' lang='lat' dir='ltr'>pri-</span> 
     </span>
     <span class='ocr_line' id='line_1_33' title="bbox 362 3949 1485 4040; baseline -0.006 -17"><span class='ocrx_word' id='word_1_284' title='bbox 362 3952 497 4040; x_wconf 81' lang='lat' dir='ltr'>vilegia,</span> <span class='ocrx_word' id='word_1_285' title='bbox 513 3951 640 4020; x_wconf 87' lang='lat' dir='ltr'>litteras</span> <span class='ocrx_word' id='word_1_286' title='bbox 656 3951 710 4016; x_wconf 90' lang='lat' dir='ltr'>uel</span> <span class='ocrx_word' id='word_1_287' title='bbox 728 3953 944 4019; x_wconf 85' lang='lat' dir='ltr'>instrumenta</span> <span class='ocrx_word' id='word_1_288' title='bbox 960 3969 1058 4037; x_wconf 89' lang='lat' dir='ltr'>super</span> <span class='ocrx_word' id='word_1_289' title='bbox 1075 3949 1164 4019; x_wconf 85' lang='lat' dir='ltr'>lacto</span> <span class='ocrx_word' id='word_1_290' title='bbox 1180 3951 1309 4038; x_wconf 80' lang='lat' dir='ltr'>prefate</span> <span class='ocrx_word' id='word_1_291' title='bbox 1319 3956 1407 4017; x_wconf 87' lang='lat' dir='ltr'>terre</span> <span class='ocrx_word' id='word_1_292' title='bbox 1425 3950 1485 4016; x_wconf 85' lang='lat' dir='ltr'>Ko-</span> 
     </span>
     <span class='ocr_line' id='line_1_34' title="bbox 363 4058 1483 4148; baseline -0.005 -19"><span class='ocrx_word' id='word_1_293' title='bbox 363 4082 465 4147; x_wconf 84' lang='lat' dir='ltr'>arneg</span> <span class='ocrx_word' id='word_1_294' title='bbox 480 4068 597 4128; x_wconf 86' lang='lat' dir='ltr'>vocate</span> <span class='ocrx_word' id='word_1_295' title='bbox 611 4059 645 4124; x_wconf 94' lang='lat' dir='ltr'>iu</span> <span class='ocrx_word' id='word_1_296' title='bbox 660 4058 809 4127; x_wconf 80' lang='lat' dir='ltr'>fraudem</span> <span class='ocrx_word' id='word_1_297' title='bbox 820 4068 1058 4146; x_wconf 69' lang='lat' dir='ltr'>reserationem,</span> <span class='ocrx_word' id='word_1_298' title='bbox 1075 4078 1181 4148; x_wconf 86' lang='lat' dir='ltr'>casse,</span> <span class='ocrx_word' id='word_1_299' title='bbox 1191 4059 1293 4142; x_wconf 82' lang='lat' dir='ltr'>irrite,</span> <span class='ocrx_word' id='word_1_300' title='bbox 1310 4065 1345 4127; x_wconf 91' lang='lat' dir='ltr'>et</span> <span class='ocrx_word' id='word_1_301' title='bbox 1360 4060 1483 4141; x_wconf 83' lang='lat' dir='ltr'>inanes,</span> 
     </span>
     <span class='ocr_line' id='line_1_35' title="bbox 362 4154 1480 4241; baseline -0.008 -1"><span class='ocrx_word' id='word_1_302' title='bbox 362 4180 394 4241; x_wconf 84' lang='lat' dir='ltr'>et</span> <span class='ocrx_word' id='word_1_303' title='bbox 411 4170 541 4238; x_wconf 93' lang='lat' dir='ltr'>omnino</span> <span class='ocrx_word' id='word_1_304' title='bbox 558 4169 627 4236; x_wconf 90' lang='lat' dir='ltr'>suis</span> <span class='ocrx_word' id='word_1_305' title='bbox 643 4167 767 4237; x_wconf 89' lang='lat' dir='ltr'>uiribus</span> <span class='ocrx_word' id='word_1_306' title='bbox 791 4154 933 4238; x_wconf 85' lang='lat' dir='ltr'>vacuate</span> <span class='ocrx_word' id='word_1_307' title='bbox 949 4169 1160 4238; x_wconf 87' lang='lat' dir='ltr'>haberentur.</span> <span class='ocrx_word' id='word_1_308' title='bbox 1185 4173 1224 4238; x_wconf 95' lang='lat' dir='ltr'>In</span> <span class='ocrx_word' id='word_1_309' title='bbox 1241 4169 1333 4238; x_wconf 88' lang='lat' dir='ltr'>cuius</span> <span class='ocrx_word' id='word_1_310' title='bbox 1357 4168 1406 4234; x_wconf 93' lang='lat' dir='ltr'>rei</span> <span class='ocrx_word' id='word_1_311' title='bbox 1422 4187 1480 4233; x_wconf 89' lang='lat' dir='ltr'>rne-</span> 
     </span>
     <span class='ocr_line' id='line_1_36' title="bbox 361 4276 1478 4364; baseline -0.006 -18"><span class='ocrx_word' id='word_1_312' title='bbox 361 4279 496 4346; x_wconf 89' lang='lat' dir='ltr'>moriam</span> <span class='ocrx_word' id='word_1_313' title='bbox 513 4286 546 4345; x_wconf 91' lang='lat' dir='ltr'>et</span> <span class='ocrx_word' id='word_1_314' title='bbox 556 4283 749 4364; x_wconf 89' lang='lat' dir='ltr'>perpetuam</span> <span class='ocrx_word' id='word_1_315' title='bbox 766 4277 950 4346; x_wconf 86' lang='lat' dir='ltr'>firmitatem</span> <span class='ocrx_word' id='word_1_316' title='bbox 960 4277 1168 4364; x_wconf 90' lang='lat' dir='ltr'>presentibus</span> <span class='ocrx_word' id='word_1_317' title='bbox 1185 4276 1327 4361; x_wconf 82' lang='lat' dir='ltr'>sigillum</span> <span class='ocrx_word' id='word_1_318' title='bbox 1338 4283 1478 4345; x_wconf 88' lang='lat' dir='ltr'>uostmm</span> 
     </span>
     <span class='ocr_line' id='line_1_37' title="bbox 361 4385 1476 4475; baseline -0.002 -25"><span class='ocrx_word' id='word_1_319' title='bbox 361 4387 513 4454; x_wconf 83' lang='lat' dir='ltr'>duximus</span> <span class='ocrx_word' id='word_1_320' title='bbox 538 4387 779 4475; x_wconf 86' lang='lat' dir='ltr'>apponendum.</span> <span class='ocrx_word' id='word_1_321' title='bbox 795 4386 915 4454; x_wconf 79' lang='lat' dir='ltr'>Datum</span> <span class='ocrx_word' id='word_1_322' title='bbox 933 4387 966 4453; x_wconf 94' lang='lat' dir='ltr'>in</span> <span class='ocrx_word' id='word_1_323' title='bbox 984 4387 1157 4455; x_wconf 87' lang='lat' dir='ltr'>Dominica</span> <span class='ocrx_word' id='word_1_324' title='bbox 1173 4385 1293 4456; x_wconf 81' lang='lat' dir='ltr'>ludica</span> <span class='ocrx_word' id='word_1_325' title='bbox 1308 4387 1379 4470; x_wconf 85' lang='lat' dir='ltr'>lle,</span> <span class='ocrx_word' id='word_1_326' title='bbox 1399 4403 1476 4452; x_wconf 88' lang='lat' dir='ltr'>anno</span> 
     </span>
     <span class='ocr_line' id='line_1_38' title="bbox 360 4493 1023 4578; baseline -0.002 -18"><span class='ocrx_word' id='word_1_327' title='bbox 360 4494 495 4560; x_wconf 92' lang='lat' dir='ltr'>Domini</span> <span class='ocrx_word' id='word_1_328' title='bbox 510 4495 562 4562; x_wconf 73' lang='lat' dir='ltr'>Mo</span> <span class='ocrx_word' id='word_1_329' title='bbox 576 4495 647 4564; x_wconf 79' lang='lat'>00⁰</span> <span class='ocrx_word' id='word_1_330' title='bbox 662 4493 876 4578; x_wconf 77' lang='lat' dir='ltr'>nonagesimo</span> <span class='ocrx_word' id='word_1_331' title='bbox 893 4500 1023 4562; x_wconf 88' lang='lat' dir='ltr'>octavo.</span> 
     </span>
    </p>
   </div>
   <div class='ocr_carea' id='block_1_3' title="bbox 515 4651 1338 4729">
    <p class='ocr_par' dir='ltr' id='par_1_3' title="bbox 515 4651 1338 4729">
     <span class='ocr_line' id='line_1_39' title="bbox 515 4651 1338 4729; baseline 0.007 -22"><span class='ocrx_word' id='word_1_332' title='bbox 515 4651 676 4724; x_wconf 73' lang='lat' dir='ltr'>(Eredetidt</span> <span class='ocrx_word' id='word_1_333' title='bbox 690 4653 805 4708; x_wconf 73' lang='lat' dir='ltr'>kerolto</span> <span class='ocrx_word' id='word_1_334' title='bbox 817 4653 912 4709; x_wconf 83' lang='lat' dir='ltr'>velem</span> <span class='ocrx_word' id='word_1_335' title='bbox 925 4653 959 4712; x_wconf 81' lang='grc' dir='ltr'>Τ.</span> <span class='ocrx_word' id='word_1_336' title='bbox 974 4655 1169 4727; x_wconf 72' lang='lat' dir='ltr'>Sacae-Kirdlyr‘</span> <span class='ocrx_word' id='word_1_337' title='bbox 1181 4659 1273 4712; x_wconf 79' lang='lat' dir='ltr'>Ldrald</span> <span class='ocrx_word' id='word_1_338' title='bbox 1284 4655 1338 4729; x_wconf 80' lang='lat' dir='ltr'>dr.)</span> 
     </span>
    </p>
   </div>
   <div class='ocr_carea' id='block_1_4' title="bbox 780 4831 1052 4846">
    <p class='ocr_par' dir='ltr' id='par_1_4' title="bbox 780 4831 1052 4846">
     <span class='ocr_line' id='line_1_40' title="bbox 780 4831 1052 4846; baseline 0.011 -3"><span class='ocrx_word' id='word_1_339' title='bbox 780 4831 1052 4846; x_wconf 48' lang='lat' dir='ltr'>m.—</span> 
     </span>
    </p>
   </div>
   <div class='ocr_carea' id='block_1_5' title="bbox 0 0 1588 5238">
    <p class='ocr_par' dir='ltr' id='par_1_5' title="bbox 0 0 1588 5238">
     <span class='ocr_line' id='line_1_41' title="bbox 0 0 1588 5238; baseline 0 3"><span class='ocrx_word' id='word_1_340' title='bbox 0 0 1588 5238; x_wconf 95' lang='lat' dir='ltr'> </span> 
     </span>
    </p>
   </div>
   <div class='ocr_carea' id='block_1_6' title="bbox 1579 2602 1586 3517">
    <p class='ocr_par' dir='ltr' id='par_1_6' title="bbox 1579 2602 1586 3517">
     <span class='ocr_line' id='line_1_42' title="bbox 1579 2602 1586 3517; baseline 0 0"><span class='ocrx_word' id='word_1_341' title='bbox 1579 2602 1586 3517; x_wconf 95' lang='lat' dir='ltr'> </span> 
     </span>
    </p>
   </div>
  </div>
 </body>
</html>
