3166 5238
554 386 711 484 ogr-*—

69 572 133 642 fllio
152 575 266 665 Gyurk
277 628 285 662 ,
304 585 335 643 et
361 579 465 645 altero
492 579 653 664 Dyonisio
670 579 737 645 filio
754 581 900 667 Tibnrcij
929 585 971 651 de
986 588 1144 670 Palasth,
1160 591 1194 657 in

69 703 200 769 quorum
217 688 400 754 iuramento
418 687 503 754 idem
520 689 706 754 Demetrius
732 687 821 754 filius
838 691 993 777 Farsasij
1020 714 1079 779 pro
1100 715 1136 762 se
1162 708 1195 766 et

68 790 223 860 fratribus
240 795 307 858 suis
334 794 496 878 predictis
514 795 637 861 facturn
664 795 825 862 dictarum
844 799 985 882 quinque
1002 805 1193 887 porcionum

68 906 151 966 terre
183 902 331 986 predicte
362 911 481 988 sponte
522 903 675 970 submisit
709 903 946 990 decidendum,
983 911 1192 991 presentibus

69 1009 183 1094 Gyurk
199 1009 265 1076 filio
294 1009 456 1095 Stephani
473 1011 514 1077 de
533 1011 719 1098 Zalathna,
737 1033 832 1097 quem
859 1013 946 1079 idem
971 1015 1030 1103 filij
1056 1018 1193 1087 Comitis

68 1117 168 1202 Byter
184 1118 366 1203 adducent,
394 1127 425 1185 et
451 1121 586 1187 Andrea
604 1117 669 1185 filio
685 1123 804 1204 Arwa,
822 1141 918 1204 quem
943 1121 1001 1209 filij
1026 1126 1193 1214 Farkasij,

68 1231 99 1288 et
113 1226 170 1308 filij
189 1227 287 1294 Perse
304 1227 473 1295 adducere
488 1229 703 1314 tenebuntur,
727 1229 913 1298 hominibus
940 1231 1063 1299 domini
1080 1235 1192 1320 Regis,

67 1335 241 1400 etduobus
267 1337 469 1422 testimonijs
495 1339 636 1420 nostris,
655 1355 736 1422 qnos
763 1337 930 1405 adducent
956 1341 1053 1408 ambe
1072 1355 1193 1428 partes,

67 1438 148 1508 feria
164 1451 260 1508 sexta
276 1445 425 1528 proxima
437 1452 515 1529 post
532 1453 669 1513 octenas
685 1447 880 1514 Natiuitatis
897 1448 1012 1516 Sancti
1030 1448 1193 1519 Johaunis

68 1547 218 1634 Baptista
229 1603 238 1638 ,
264 1552 455 1620 accedendo
482 1573 581 1636 super
603 1554 720 1620 faciem
748 1554 892 1638 ipsarum
909 1560 1050 1638 quinque
1067 1559 1192 1642 porcio-

67 1675 140 1721 num
157 1667 244 1724 terre
262 1662 469 1726 contencione
486 1659 527 1728 de
544 1667 632 1726 terra
648 1659 762 1745 Tema,
779 1661 882 1746 ijdem
899 1663 958 1749 filij
971 1665 1109 1735 Comitis
1126 1669 1190 1754 By·

67 1769 114 1828 ter
129 1763 205 1848 duo,
223 1774 255 1832 et
269 1767 332 1832 duo
345 1766 569 1836 coniuratores
586 1770 731 1853 ipsorum
743 1772 971 1863 prenominati,
990 1773 1073 1839 sicut
1090 1775 1190 1840 moris

67 1877 116 1938 est
132 1873 239 1939 iurare
260 1894 360 1958 super·
384 1884 489 1961 terra,
519 1876 707 1958 recipiendo
733 1885 853 1942 terram
879 1879 922 1942 ad
939 1900 1055 1946 manus
1081 1889 1114 1946 et
1136 1904 1193 1967 po·

66 1981 174 2046 nendo
203 2001 300 2066 super
324 1986 436 2067 capita
462 2003 540 2068 sua,
566 1985 676 2050 iurare
705 1987 966 2072 presumpserint
1001 2007 1190 2073 supereo:

68 2089 150 2170 quod
167 2090 280 2156 eodem
302 2092 443 2174 quinque
470 2098 555 2158 terre
581 2094 790 2160 contenciose
807 2095 872 2161 sint
889 2104 921 2161 et
938 2096 1057 2162 fuerint
1076 2097 1118 2163 de
1135 2097 1190 2164 he-

66 2196 220 2264 reditario
237 2199 308 2266 iure
325 2202 524 2282 eorundem,
550 2203 635 2267 siout
651 2202 684 2265 in
711 2201 849 2286 prefatis
867 2203 987 2270 litteris
1003 2205 1109 2290 ipsius
1131 2205 1189 2271 Oo-

67 2305 153 2372 mitis
170 2307 332 2392 Stephani
358 2307 392 2372 id
417 2307 549 2390 plenius
565 2307 726 2374 contineri
747 2309 908 2394 uidimus,
926 2312 998 2398 ipso
1025 2311 1077 2376 die
1104 2312 1190 2378 iura-

69 2414 166 2479 menti
182 2413 380 2481 adueniente
395 2416 544 2500 partibus
570 2435 668 2500 super
684 2415 770 2480 faeie
792 2417 939 2500 ipsarum
957 2421 1098 2502 quinque
1116 2438 1190 2502 por-

69 2523 195 2588 cionum
211 2529 297 2589 terre
314 2524 510 2610 constitutis,
537 2524 674 2589 sormam
692 2525 869 2589 iuramenti
887 2526 1026 2592 filiorum
1053 2525 1191 2594 Comitis

69 2631 166 2712 Byter
177 2631 396 2714 predictorum
408 2632 520 2698 taliter
531 2633 680 2698 extitisse
692 2631 878 2698 ordinatum
889 2631 988 2721 (tgy),
1006 2635 1191 2702 sioutBeke

69 2742 98 2802 et
113 2739 329 2824 Laurentius,
338 2738 448 2805 elerici
460 2741 559 2822 chori,
573 2740 676 2806 nostri
693 2740 852 2817 homines,
864 2761 924 2806 nec
935 2762 999 2808 non
1009 2761 1068 2826 per
1077 2750 1190 2828 partes

68 2865 122 2930 pro
148 2846 335 2914 testimonio
361 2847 440 2912 illuc
466 2847 618 2930 adducti,
636 2854 668 2912 et
686 2849 832 2914 homines
849 2849 972 2916 domini
992 2849 1091 2932 Regis
1118 2869 1190 2933 pre·

67 2953 142 3019 dieti
158 2954 253 3021 nohis
270 2955 473 3022 concorditer
483 2957 682 3040 retulerunt3
699 2964 901 3024 rtreuocato
918 2957 991 3039 ipso
1007 2957 1189 3025 iuramento

65 3059 200 3126 filiorum
216 3062 352 3129 Comitis
367 3063 469 3149 Byter
481 3062 582 3148 ijdem
593 3063 650 3150 filij
670 3064 805 3130 Comitis
822 3067 924 3151 Byter
940 3070 1189 3148 assumpserunt

67 3169 191 3236 soluere
203 3189 263 3254 pro
279 3171 490 3238 relaxaoione
500 3172 676 3239 iuramenti
692 3172 839 3258 ipsorum
851 3172 1008 3257 predictis
1019 3173 1098 3258 filijs
1109 3175 1189 3240 Far·

65 3274 162 3363 kasij,
180 3286 212 3344 et
227 3277 305 3364 filijs
322 3281 422 3345 Perse
441 3300 556 3348 nouern
573 3301 712 3364 marcas,
730 3281 899 3365 partimin
917 3290 1053 3362 argento
1070 3288 1102 3348 et
1117 3300 1190 3366 par-

65 3383 120 3447 tim
142 3385 177 3450 in
204 3386 417 3454 estimatione
434 3387 616 3470 condigna,
643 3385 677 3449 in
693 3387 822 3454 duobus
838 3386 1006 3472 terminis,
1033 3385 1191 3456 videlicet

66 3497 204 3574 quatuor
220 3513 347 3560 marcas
366 3500 399 3559 et
418 3493 586 3560 dimidiam
611 3496 645 3558 in
661 3491 786 3558 octenis
813 3493 927 3560 Sancti
943 3492 1082 3576 Jacobi,
1109 3495 1189 3562 resi-

66 3595 146 3664 duas
163 3607 275 3666 autem
292 3607 432 3684 quatuor
449 3620 581 3669 marcas
598 3611 630 3668 et
646 3601 814 3668 dimidiam
830 3600 864 3665 in
889 3602 974 3668 sesto
991 3601 1105 3669 Sancti
1129 3603 1189 3668 Re-

65 3706 115 3788 gis
131 3707 367 3793 subsequenti,
384 3727 450 3792 qua
466 3711 607 3794 pecunie
625 3710 808 3790 quantitate
820 3708 998 3794 persoluta,
1010 3708 1111 3795 ijdem
1129 3707 1188 3794 filij

64 3811 219 3901 Farkasij
231 3816 915 3902 etfilijPersenostrumpriuilegiumsuper
930 3817 1188 3902 perpetuaoione

64 3919 209 4002 ipsarum
226 3925 368 4008 quinque
395 3927 586 4010 porcionum
602 3933 688 3991 terre
705 3925 777 3992 dari
805 3927 915 3992 faeere
938 3933 1127 3992 tenerentur
1154 3923 1188 3988 fi.

63 4028 116 4114 iijs
132 4030 270 4098 Comitis
287 4034 388 4120 Byter
413 4033 600 4118 antedictis,
618 4035 702 4100 sicut
717 4034 752 4100 id
777 4035 810 4099 in
827 4036 942 4099 litteris
969 4034 1092 4100 nostris
1114 4051 1188 4099 oon·

64 4137 321 4220 posicionalibus
347 4142 511 4226 prioribus
537 4142 657 4208 exinde
677 4142 833 4209 confectis
859 4142 1019 4209 contineri
1045 4140 1187 4206 uidimus

63 4245 247 4316 manifeste.
264 4249 371 4334 Igitur
393 4251 474 4334 ipsis
490 4269 606 4316 nouem
625 4249 744 4316 marcis
762 4251 857 4315 modo
874 4247 1047 4332 prehabito
1064 4248 1097 4312 in
1114 4267 1188 4331 pre·

64 4352 139 4420 satis
157 4358 304 4424 terminis
320 4379 381 4444 per
400 4359 560 4426 Comitem
586 4358 785 4424 hermanum
802 4356 995 4442 predictum,
1013 4353 1188 4423 officialem

64 4459 198 4530 filiorum
225 4465 361 4533 Comitis
385 4469 486 4553 Byter
501 4487 564 4553 pro
586 4468 711 4534 eisdem
731 4465 871 4534 dominis
898 4463 966 4530 suis
977 4513 986 4548 ,
1012 4463 1094 4546 ipsis
1110 4461 1190 4549 filijs

69 4569 224 4657 Farkasij
250 4580 283 4638 et
298 4573 375 4658 fitijs
395 4576 498 4642 Perse
515 4577 611 4660 plene
628 4594 739 4641 coram
757 4573 851 4639 nobis
868 4571 1052 4657 persolutis,
1074 4573 1190 4638 Deme-

68 4679 146 4747 trius
163 4682 250 4750 filius
266 4683 417 4769 Farkasij
435 4682 643 4770 supradictus
659 4689 725 4748 tam
743 4702 800 4766 pro
818 4701 864 4764 se,
881 4701 939 4765 pro
950 4679 1068 4826 Mophe
1086 4680 1188 4746 fratre

960 4787 1001 4855 15
