3262 5242
912 931 965 996 15.

383 1133 447 1200 III.
461 1131 568 1198 Endre
579 1127 685 1214 tirely
696 1126 859 1213 Gyarmoo
868 1125 973 1212 grdfot
986 1122 1104 1214 Obeeby
1121 1129 1202 1191 ebed
1212 1126 1375 1192 birtoldrul
1386 1127 1519 1214 derrib
1630 1192 1631 1199 χ

603 1257 610 1270 “
631 1234 794 1323 meppe‘bea
810 1235 1043 1322 adomoioyozzu
1060 1257 1136 1322 saep.
1155 1237 1253 1300 1291.

503 1437 653 1504 Andreas
683 1435 747 1500 Dei
779 1434 892 1520 greeia
917 1433 1103 1517 Hungarie‚
1137 1435 1328 1518 Delmaeie,
1358 1435 1519 1516 Cressis,

381 1549 507 1629 Rame,
525 1547 656 1625 Seruio,
676 1543 836 1625 Gallioie,
853 1541 1044 1609 Lodomerie
1054 1589 1063 1624 ‚
1081 1543 1240 1610 Cumanie
1250 1595 1260 1629 ,
1286 1545 1520 1629 Bulgarieque

381 1661 452 1724 Rex
468 1656 618 1722 omnibus
635 1652 759 1720 Christi
783 1649 934 1718 fidelibus
960 1657 1132 1735 presentes
1157 1652 1286 1718 litteras
1311 1651 1521 1738 inspeoluris

382 1762 567 1834 salutemin
584 1761 726 1827 omnium
744 1759 919 1826 saluatore.
937 1758 1029 1828 Lieet
1045 1761 1151 1844 Regia
1167 1762 1276 1853 pietas
1293 1780 1431 1828 manum
1449 1780 1521 1826 mu-

382 1872 514 1940 nifieam
530 1869 652 1947 debeat
667 1869 837 1954 porrigere
854 1867 1036 1953 vniuersis;
1062 1869 1140 1935 illos
1155 1874 1280 1954 tamen,
1299 1890 1443 1954 quorum
1462 1889 1518 1934 ex-

383 1988 477 2070 perta
495 1979 642 2064 probitas
660 1977 798 2044 laudata
815 1975 914 2044 estin
931 1977 1102 2061 prosperis
1119 1984 1153 2044 et
1169 1979 1336 2062 aduersis,
1354 1978 1521 2066 prosequi

383 2091 484 2157 debet
500 2085 727 2152 munifioenoia
744 2084 899 2170 largiori,
925 2089 960 2149 ut
977 2086 1035 2172 alij
1062 2105 1172 2152 eorum
1190 2089 1356 2176 exemplis
1383 2085 1542 2153 inuitati

383 2200 427 2268 ad
441 2197 611 2266 fidelitatis
629 2215 732 2281 opera
756 2195 886 2262 facilius
903 2195 1136 2264 aeeendantur.
1161 2197 1303 2264 Proinde
1322 2196 1368 2263 ad
1386 2198 1520 2261 uniuer-

384 2329 495 2378 sorum
512 2306 669 2374 noticiam
686 2310 753 2370 tam
779 2305 986 2390 presencium
1004 2322 1102 2387 quam
1123 2306 1308 2373 futurorum
1334 2304 1455 2368 barum
1471 2319 1523 2366 se·
1630 2382 1631 2397 χ

387 2417 435 2484 rie
451 2416 599 2482 uolumus
616 2412 810 2499 peruenire,
839 2413 925 2493 quod
943 2412 1020 2495 quie
1036 2412 1154 2480 Comes
1173 2413 1387 2500 Gyarmanns
1408 2409 1521 2476 fidelis

384 2530 499 2592 noster
516 2544 537 2589 a
553 2521 663 2586 multis
680 2521 744 2586 iam
769 2520 970 2605 temporibus
987 2521 1162 2587 relroaetis
1188 2521 1223 2586 in
1240 2519 1397 2585 omuibus
1423 2537 1523 2602 nego·
1630 2532 1631 2567 1

386 2632 450 2718 eijs
467 2631 589 2697 nostris
606 2627 806 2715 peragendis
824 2627 1022 2709 obsequiosa
1047 2628 1164 2694 merita
1181 2634 1215 2694 et
1235 2628 1411 2693 meritoria
1428 2628 1524 2693 obse-

387 2743 464 2824 quia
480 2739 575 2805 nobis
592 2735 805 2803 laudabiliter
821 2735 978 2819 impendit
994 2742 1028 2802 et
1043 2735 1172 2820 deuote,
1190 2739 1334 2821 primum
1353 2737 1524 2819 siquidem

385 2869 424 2916 eo
441 2855 608 2931 tempore,
636 2843 771 2926 quando
789 2861 850 2908 nos
867 2842 974 2908 adhue
998 2848 1093 2908 extra
1109 2844 1270 2910 terminos
1286 2843 1396 2928 Regni
1415 2846 1524 2909 nostri

385 2959 516 3037 fuimus,
542 2955 648 3020 dietus
677 2953 795 3019 Comes
812 2949 1022 3036 Gyarmanus
1048 2952 1150 3017 semel
1168 2961 1202 3018 et
1227 2953 1376 3019 seeundo
1404 2952 1525 3019 exmis-

386 3068 489 3149 sione,
507 3064 684 3144 mandato,
711 3068 744 3127 et
760 3067 915 3146 preeepto
932 3062 1137 3128 Prelatorum
1147 3112 1156 3145 ,
1183 3063 1352 3128 Beronum
1371 3069 1405 3128 et
1422 3065 1524 3130 nobi-

388 3176 466 3241 lium
484 3172 592 3256 Regni
617 3168 787 3253 Hungarie
812 3169 846 3232 in
871 3169 1098 3252 legacionibus
1124 3170 1227 3256 varijs
1249 3177 1282 3235 et
1308 3170 1456 3238 diuersis
1483 3191 1525 3236 ex

386 3287 481 3368 perte
499 3279 677 3347 eorundem
695 3275 790 3343 nobis
806 3275 1012 3358 deferendis,
1029 3277 1142 3343 multis
1158 3277 1290 3344 fortune
1312 3280 1451 3345 essibus
1467 3298 1523 3362 pe·

386 3390 493 3456 rieule
509 3387 624 3454 mortis
641 3405 708 3451 non
733 3383 915 3450 formidans
933 3402 970 3449 se
986 3384 1138 3450 submisit
1154 3393 1187 3450 et
1213 3386 1406 3452 laudabiles
1433 3386 1525 3452 exhi·

387 3499 459 3566 buit
475 3497 666 3564 famulatus.
694 3492 787 3558 Idem
805 3495 908 3558 eciam
924 3499 1070 3578 tempore
1087 3495 1236 3561 Dueatus
1261 3498 1370 3563 nostri
1386 3496 1525 3564 domino

390 3605 563 3673 Albertino
589 3602 685 3668 fratri
710 3605 822 3668 nostro
848 3599 1033 3682 karissimo,
1058 3602 1174 3668 tamin
1195 3604 1365 3670 ueniendo
1392 3605 1438 3670 ad
1455 3625 1526 3688 nos,

391 3734 489 3798 quam
506 3711 611 3779 eoiam
632 3711 665 3776 in
683 3708 893 3775 eonduoendo
917 3711 1056 3776 eundem
1073 3710 1117 3777 ad
1133 3711 1276 3797 patriam
1294 3735 1414 3800 suam,
1432 3715 1475 3781 ob
1493 3714 1527 3781 fi-

390 3818 674 3889 delitatemnobis
691 3817 837 3883 debitam
862 3816 999 3883 seruieia
1014 3817 1175 3904 impendit
1192 3827 1293 3904 grate
1320 3828 1354 3888 et
1372 3807 1539 3909 aecepta,'

391 3937 424 3996 et
442 3931 530 3996 eirea
546 3933 658 3995 nostre
675 3926 901 3993 eoronaoionis
917 3925 1016 3992 inieia
1032 3925 1087 3992 die
1104 3935 1271 4012 noetuque
1288 3933 1416 3999 nostris
1433 3933 1524 4000 inhe-

392 4058 471 4107 rens
487 4035 641 4121 seruieijs
657 4032 880 4121 multiplieiter
895 4032 1012 4100 meruit
1028 4037 1246 4120 eomplaoere.
1264 4039 1308 4104 llt
1320 4059 1526 4122 quamquam

393 4145 500 4231 ipsius
516 4141 686 4210 meritoria
712 4139 871 4224 obsequia
887 4141 1002 4206 maiori
1021 4143 1302 4212 remuneracionis
1329 4151 1461 4231 premio
1479 4168 1526 4215 es-

391 4257 466 4320 sent
483 4251 603 4334 digna,
632 4249 668 4315 in
687 4249 1027 4333 reeompensaeionem
1044 4255 1155 4316 tamen
1182 4251 1365 4338 aliqualem
1393 4276 1524 4322 suornm

393 4358 604 4426 seruioiorum
621 4357 787 4439 quandam
811 4362 932 4422 terram
948 4363 1094 4423 nostram
1111 4357 1227 4446 Ohehy
1254 4369 1414 4431 voeatam
1432 4366 1525 4433 iuxta

393 4484 514 4550 aquom
529 4463 623 4528 Zeua
638 4465 673 4529 in
690 4463 814 4548 eampis
840 4463 875 4528 in
891 4462 1051 4528 comitatu
1067 4463 1286 4550 Zagrabiensi
1310 4473 1520 4554 existentem,

397 4594 494 4660 super
521 4591 586 4656 qua
610 4570 758 4656 hospites
786 4569 933 4637 eiusdem
959 4571 1057 4637 castri
1078 4575 1424 4667 nostri'residebant,
1451 4601 1519 4649 eum
