3166 5238
613 1015 687 1082 14⁵.

127 1231 179 1298 Aa
194 1231 314 1320 orotetpi
328 1235 551 1320 kdptahaaook
566 1231 663 1299 eoook
672 1231 807 1320 folptdn
826 1241 880 1298 tett
887 1233 1049 1319 jolootooo.
1066 1235 1164 1299 1299.

194 1430 370 1518 Magnifioo
386 1431 456 1500 viro
473 1439 507 1499 et
526 1432 663 1502 honesto
680 1431 837 1501 Ladizlao
859 1431 1031 1515 Wayuodo
1050 1432 1213 1500 Transsil·

77 1557 171 1608 uano
188 1544 221 1605 et
237 1538 355 1628 Opmiti
366 1538 532 1608 deZonuk
552 1539 659 1611 amieo
676 1559 787 1610 eorum
802 1539 1006 1623 honorando,
1023 1538 1212 1623 Capitulum

77 1646 236 1714 Ecclesia
251 1645 490 1718 Transsiluane
514 1649 627 1718 debite
643 1651 791 1718 amicicie
807 1653 843 1715 et
859 1649 994 1717 honoris
1022 1645 1212 1716 oontinuum

77 1753 328 1822 incrementum.
345 1755 476 1827 Litoras
491 1765 600 1828 vostre
617 1757 855 1844 magnitudinis
872 1752 1029 1826 noueritis
1044 1773 1108 1823 nos
1124 1773 1213 1824 reno

80 1864 177 1948 pisse
193 1862 227 1930 in
243 1864 306 1931 beo
321 1857 433 1931 verba]
757 1885 759 1890 ’

192 1971 316 2040 Amicis
333 1973 400 2041 Suis
416 1974 480 2041 sib.
508 1979 690 2048 (kiivetkozik
706 1979 811 2038 Loszlo
831 1981 917 2053 vajda
932 1977 1049 2036 iktatasi
1064 1993 1212 2050 persuasa,

79 2086 158 2142 mint
176 2085 248 2142 143.
268 2105 307 2142 sa.
324 2085 363 2158 a.)

193 2189 264 2256 Nos
281 2191 368 2256 enim
382 2191 602 2278 petioionibns
618 2195 730 2260 vestro
748 2187 983 2276 Magnitudinis
999 2187 1096 2255 iustis
1112 2205 1154 2254 oo
1168 2185 1213 2253 le·

81 2292 210 2379 gitimis
230 2305 423 2383 annuentes,
440 2319 513 2367 oum
538 2301 668 2385 prefato
694 2297 844 2386 Nyeolao
863 2295 904 2363 do
920 2298 1012 2364 Mera
1029 2298 1139 2363 vestro
1155 2292 1213 2359 bo·

82 2404 173 2471 mine
191 2423 288 2471 onum
304 2426 344 2471 ox
360 2405 467 2494 nobis,
484 2406 640 2476 videlieet
656 2407 848 2493 magistrum
864 2405 1072 2491 Myobaelem
1088 2401 1214 2471 sooium

83 2517 118 2580 et
135 2515 394 2584 oonoanonioum
418 2523 565 2586 nostrum
591 2519 636 2586 ad
661 2517 827 2602 premisso
851 2513 1046 2602 peragenda
1065 2509 1214 2580 transmi-

83 2620 188 2688 simus
203 2640 263 2705 pro
279 2625 465 2694 testimonio
490 2625 555 2695 fide
571 2625 715 2714 dignum,
735 2626 791 2710 qui
807 2623 936 2694 demum
952 2623 998 2692 ad
1015 2641 1075 2691 nos
1090 2618 1216 2689 reversi

83 2729 291 2798 concorditer
305 2733 399 2801 nobis
416 2736 608 2819 retulerunt,
626 2733 714 2818 quod
730 2733 795 2819 ipsi
811 2734 844 2798 in
860 2733 946 2798 festo
962 2731 1117 2800 Omnium
1134 2729 1216 2798 San·

83 2842 228 2914 otorum,
244 2859 332 2908 nuno
347 2843 496 2926 proxime
511 2843 681 2929 preterito,
700 2841 879 2910 adfaciem
895 2837 960 2906 iam
976 2838 1063 2905 dioto
1078 2855 1215 2923 posses·

81 2946 186 3014 sionis
195 2944 274 3015 dioti
283 2949 422 3020 Abbatis
432 2952 613 3040 Bogartelk
622 2957 741 3021 vooate
752 2950 932 3020 vioinorem
946 2953 981 3015 et
995 2951 1219 3014 oommstane·

83 3075 176 3124 orum
202 3054 349 3126 eiusdem
374 3058 545 3146 legittimis
569 3059 870 3130 oonuooaoionibus
893 3057 993 3126 saetis
1009 3061 1043 3122 et
1057 3051 1216 3139 presenti-

85 3163 148 3232 bus
164 3164 290 3249 pariter
306 3168 498 3237 aooedendo
524 3188 567 3236 ex
582 3169 670 3240 bona
694 3169 865 3238 voluntate
882 3175 917 3236 at
930 3163 1150 3255 permissione
1166 3161 1214 3229 di·

85 3273 131 3338 oti
154 3274 356 3345 venerabilis
381 3277 413 3344 in
438 3277 570 3348 Christo
585 3279 709 3365 patris,
736 3277 863 3345 domini
878 3274 968 3344 Petri
984 3271 1141 3360 Episoopi
1157 3270 1215 3338 do·

85 3378 166 3446 mini
192 3387 225 3448 ot
241 3381 363 3452 Prolati
379 3385 501 3472 nostri,
528 3387 669 3455 eundem
693 3386 886 3472 religiosum
910 3384 1016 3454 virum
1043 3381 1214 3451 domiuum

85 3489 250 3558 Lazarum
265 3493 431 3562 Abbotem
442 3501 475 3563 ot
495 3494 661 3565 dominum
677 3501 835 3564 annotato
851 3491 1075 3580 possessionis
1091 3491 1214 3577 Begor-

85 3597 157 3666 telk
172 3607 291 3669 vooate
306 3601 542 3674 introduoondo
558 3603 823 3676 reambulassent
847 3603 1022 3688 ipsamque
1037 3619 1097 3686 per
1115 3615 1215 3667 veras

87 3725 169 3777 snas
185 3713 291 3780 metas
307 3717 341 3779 et
350 3713 516 3800 antiquas,
532 3732 639 3782 nouus
654 3710 749 3782 iuxta
764 3716 895 3781 veteres
911 3711 946 3777 in
960 3707 1044 3779 loois
1059 3725 1214 3778 neeessa-

87 3814 148 3902 rijs
165 3816 322 3904 erigendo
337 3821 644 3908 reambulotamque
664 3827 698 3892 et
712 3821 756 3890 ab
773 3821 911 3890 aliorum
935 3816 1216 3908 possessionarijs

83 3922 216 4009 juribus
229 3925 389 4014 legittime
405 3937 596 4017 separatam
613 3937 647 4000 et
672 3930 860 4001 distinotam
885 3947 960 3998 oum
977 3926 1128 3998 omnibus
1147 3927 1216 3996 suis

89 4033 290 4106 utilitatibus
305 4038 348 4107 ad
374 4039 499 4108 dietam
523 4041 766 4128 possessionem
784 4037 1021 4126 speotantibus,
1043 4035 1217 4105 submotis

88 4139 177 4212 infra
192 4142 403 4216 declarandis
426 4148 625 4219 statuissent
644 4148 787 4217 eandem
811 4145 920 4214 sidem
944 4146 1073 4215 Lazaro
1089 4142 1216 4214 Abbati

91 4256 123 4318 ot
138 4270 201 4321 suo
226 4259 441 4326 monastrerio
460 4278 499 4327 eo
511 4258 597 4345 jure,
614 4277 679 4344 quo
696 4275 738 4326 ex
753 4256 863 4326 oausis
880 4253 1049 4342 premissis
1073 4251 1157 4339 ipsis
1173 4251 1221 4321 di-

89 4368 280 4430 nosoeretur
294 4367 460 4452 pertinere
476 4374 638 4455 perpetuo
654 4365 904 4457 possidendam.
919 4363 1007 4432 Mete
1023 4368 1132 4433 autom
1147 4381 1221 4448 pro·

89 4467 180 4537 dioto
194 4475 421 4560 possessionis
436 4477 621 4572 Bogsrtolk
636 4478 755 4563 quibus
773 4495 794 4544 a
812 4473 984 4561 vicinarijs
1000 4471 1219 4562 possessioni·

89 4576 150 4652 bus
167 4582 381 4672 distinguitur
390 4594 423 4656 et
438 4593 622 4677 soporatur,
633 4590 730 4675 prout
745 4585 847 4674 ijdem
862 4587 973 4653 vester
988 4587 1023 4652 ot
1037 4585 1149 4651 noster
1163 4583 1220 4652 bo·

91 4695 198 4766 mines
216 4696 314 4770 nobis
338 4695 538 4786 rooitarunt,
563 4695 627 4769 boo
643 4693 758 4769 ordino
781 4693 973 4784 procedunt
996 4690 1108 4763 Prima
1133 4691 1220 4761 enim
