3188 5238
557 317 716 422 Ab..

76 515 287 604 pertinenciis
299 517 372 600 suis
397 514 578 602 uniuersis,
604 521 665 586 sub
681 516 805 584 eisdem
822 518 917 585 metis
933 525 966 586 et
988 520 1145 606 terminis,
1161 525 1197 598 in

76 628 192 710 quibus
208 645 267 712 per
283 629 407 722 priores
429 645 640 711 possessores
657 627 771 697 habita
787 627 893 694 extitit
910 635 942 694 ot
958 648 1124 713 possessa,
1141 633 1193 698 de·

77 735 192 819 dimus,
209 734 402 803 donauimus
419 743 451 802 et
467 735 662 802 contulimus
687 735 833 826 predicto
849 737 1027 823 Stephano,
1046 737 1196 808 Gabrieli

77 852 108 910 et
125 845 200 932 Eye
216 843 371 912 fratribus
397 845 485 928 suis,
511 849 542 909 et
558 865 617 929 per
633 864 690 912 eos
707 837 775 911 suis
791 845 966 912 heredibus
980 845 1199 930 heredumque

77 973 209 1021 suorum
225 953 469 1020 successoribus
495 953 563 1018 iure
579 959 734 1038 perpetuo
752 959 786 1019 et
811 952 1070 1023 irreuocabiliter
1094 958 1198 1043 possi-

77 1061 233 1142 dendam‚
242 1062 419 1130 tenendam
431 1067 463 1128 et
478 1061 676 1129 habendam.
693 1062 736 1128 Vt
746 1060 844 1148 igitur
859 1063 955 1130 huius
971 1071 1083 1130 nostre
1099 1064 1198 1150 dona-

78 1171 184 1238 cionis
201 1171 305 1237 series
322 1171 418 1238 robur
434 1170 583 1254 optineat
599 1175 760 1254 perpetue
777 1155 948 1254 firmitatis}
965 1188 1026 1250 neo
1042 1190 1199 1254 processu

77 1284 263 1365 temporum
279 1291 337 1361 per
353 1297 548 1361 quemquam
564 1277 865 1364 possitretraotari,
882 1283 1051 1363 presentes
1068 1298 1200 1348 conces·

79 1387 184 1454 simus
201 1385 328 1454 litteras
339 1385 499 1470 dupplicis
516 1386 617 1472 sigilli
632 1385 735 1452 nostri
745 1385 923 1452 munimine
933 1387 1113 1454 roboratas.
1132 1387 1200 1454 Da·

78 1504 147 1565 tum
166 1517 225 1583 per
241 1515 357 1564 manns
373 1495 507 1563 disereti
522 1495 584 1564 viri
600 1496 750 1582 magistri
764 1494 941 1581 Theodory
958 1495 1114 1564 Albensis
1140 1495 1201 1562 Ee·

79 1605 182 1673 clesie
200 1606 371 1692 Prepositi,
391 1607 467 1674 aule
482 1611 592 1670 nostre
618 1603 922 1688 Vicedanoellarij,
941 1603 1052 1672 dilecti
1068 1611 1101 1670 et
1123 1601 1203 1670 fide

76 1716 117 1783 lis
133 1715 238 1796 nosri,
254 1735 339 1782 anno
355 1713 554 1792 DominiM⁰.
566 1711 645 1780 00⁰.
656 1711 871 1798 nonagesimo
889 1713 995 1796 tertio,
1011 1712 1120 1798 pridie
1137 1715 1203 1786 llo-

80 1845 141 1896 nas
160 1822 325 1906 Octobris,
342 1823 446 1910 Regni
463 1828 571 1891 autem
596 1822 700 1890 nostri
717 1842 802 1892 anno
820 1831 944 1906 quarto.
982 1896 986 1904 ,

82 2041 226 2114 (Teutseh
239 2037 270 2095 e's
289 2038 459 2109 Firnhaber,
471 2037 708 2095 Urkundenbuch
720 2054 771 2092 zur
784 2032 958 2092 Geschiehte
972 2033 1205 2109 Siebonbiirgeus

441 2128 464 2184 I.
486 2129 545 2184 ket.
558 2126 632 2184 Bene
646 2127 724 2183 1857.
744 2124 804 2183 183.
818 2122 848 2195 l.)

627 3021 678 3088 sl.

87 3226 154 3295 III.
177 3225 285 3292 Eudsre
301 3221 407 3307 tiretp
434 3243 472 3284 oz
489 3219 609 3304 erdelyc‘
627 3217 783 3302 leciptoloa
802 3221 947 3282 eadmero
962 3220 1137 3305 meqorb'sdti
1152 3221 1175 3283 Ι
1177 3219 1211 3285 V.

89 3337 210 3404 Lcszto'
233 3331 404 3416 kirdlyacle
428 3330 472 3391 60
488 3325 559 3389 etat
585 3325 677 3390 restet
702 3327 852 3408 tdrppozd
866 3324 1075 3411 αάοτηάηῃάι,
1095 3328 1214 3413 mclyelc

184 3437 409 3528 cpyszersmirsd
425 3453 445 3499 o
459 3433 579 3523 ttratpt
594 3430 729 3497 adoaldi
740 3428 1007 3516 icfelrrtentetuck.
1026 3434 1123 3500 1293.

203 3669 353 3738 Andreas
363 3669 424 3735 Dei
436 3667 548 3752 gracia
558 3663 736 3750 Hungarie,
748 3651 933 3747 Dalmaoie,
944 3663 1090 3748 Groneia
1100 3665 1213 3746 Rame,

92 3781 222 3862 Seruis,
240 3775 400 3859 Gallicis,
417 3772 621 3854 Lodomerie,
639 3772 806 3856 Cumania
824 3773 1047 3858 Bulgarieque
1062 3773 1133 3840 Rex
1149 3792 1215 3838 om·

91 3892 193 3957 nibus
210 3885 328 3952 Christi
353 3881 483 3948 fidlibus
511 3883 679 3966 presentes
704 3880 833 3947 litteras
859 3879 1058 3965 inspecturis
1075 3881 1217 3946 salutem

93 4000 129 4066 in
147 3994 266 4064 salutis
285 3993 452 4078 largitore.
471 3989 559 4055 Deus
576 3989 609 4053 in
630 3991 699 4056 alta
713 3986 921 4072 providencie
937 4005 994 4054 sue
1012 3981 1148 4074 specula
1165 3982 1216 4075 sa}

93 4107 226 4194 pientes
251 4101 394 4186 dirigens
421 4107 453 4165 et
477 4099 620 4165 suaviter
646 4095 822 4181 disponens
838 4097 1003 4178 uniuersa,
1019 4095 1098 4161 lieet
1122 4093 1215 4204 nobis

93 4210 206 4300 Regni
234 4210 430 4276 commiserit
454 4204 693 4294 gubernacula,
721 4211 831 4273 tamen
857 4205 891 4272 in
907 4201 1054 4288 apicibus
1072 4199 1217 4288 -Rega'lis

97 4323 252 4392 culminis
264 4321 389 4410 ¹eleuati
400 4319 489 4404 juste
509 4315 699 4384 humilitatis
716 4314 826 4400 precio
843 4311 1096 4378 inestimabilem
1111 4314 1217 4381 ricem

95 4433 222 4502 Diuine
238 4428 348 4515 gracie
365 4429 520 4497 debemus
546 4423 731 4509 promereri,
748 4423 784 4488 id
799 4429 905 4488 autem
924 4419 1100 4488 efficaciter
1116 4413 1217 4508 adim-

98 4546 242 4628 plemus,
254 4539 284 4607 si
300 4538 334 4602 in
350 4539 505 4606 Sanctam
521 4537 657 4602 Matrem
674 4531 855 4599 Ecclesiam
872 4521 1093 4594 munificencia
1109 4515 1217 4595 ramos
1251 4539 1252 4546 ’

100 4646 271 4735 longiores
288 4643 513 4728 extendimus,
539 4648 572 4708 et
587 4661 628 4708 ea
653 4660 715 4724 que
731 4637 795 4723 ipsi
812 4635 868 4721 pia
888 4635 1128 4704 deliberassem
1145 4653 1219 4700 con·

156 4744 580 4815 uorumisusu.d1sr.n1rn.'-1o
709 4742 712 4752 ⁴
865 4767 869 4774 ·
1040 4745 1060 4810 5
1190 4739 1216 4752 ω»
