3262 5242
407 1210 471 1278 111.
488 1207 596 1275 Eudae
610 1206 718 1297 leirdly
734 1209 839 1274 Decea
863 1206 970 1294 profot
984 1207 1071 1273 Jars
1079 1207 1143 1292 ficit
1170 1206 1307 1272 Radcdc
1331 1204 1526 1292 1111111111-

719 1316 1014 1404 celvadomdayozza
1030 1339 1106 1403 meg.
1124 1316 1222 1382 1291.

512 1517 666 1586 Andreas
672 1509 736 1585 Dei
746 1517 856 1601 gratia
866 1515 1045 1602 Hungarie,
1057 1513 1237 1599 Daimaeie,
1249 1511 1398 1596 Oroacie,
1412 1514 1524 1596 Reme,

406 1623 539 1710 Seruio,
566 1625 724 1706 Gallicis,
751 1623 964 1710 Lodomerie,
991 1623 1171 1704 Ormenie,
1197 1621 1416 1706 Bulgerieque
1444 1621 1524 1702 Rex,

408 1735 556 1804 omnibus
586 1734 708 1802 curisti
734 1733 889 1802 fidelibus
915 1739 1099 1820 presentem
1129 1732 1285 1818 paginam
1315 1728 1525 1815 inspecturis,

409 1845 550 1910 salutem
574 1843 609 1910 in
625 1863 684 1931 eo,
710 1847 766 1927 qui
783 1848 834 1909 est
860 1863 940 1911 vere
961 1844 1061 1911 salus.
1086 1841 1181 1920 Quod
1198 1841 1302 1923 Regia
1327 1839 1526 1906 auctoritate

407 1953 572 2039 sancitur,
597 1959 755 2040 perpetuo
771 1951 920 2016 innititur
945 1950 1158 2017 fundamento
1184 1948 1356 2016 firmitatis.
1383 1947 1526 2014 Proinde

408 2060 452 2126 ad
478 2061 702 2127 uniuersorum
728 2060 885 2126 noticiam
909 2059 1025 2126 harum
1051 2059 1138 2125 serie
1154 2058 1301 2124 volumus
1329 2056 1526 2142 peruenire:

408 2169 496 2253 quod
515 2169 628 2236 Comes
654 2167 831 2254 Dyonisius
858 2168 944 2236 filius
961 2169 1044 2235 Jnrk
1060 2168 1093 2232 in
1118 2175 1230 2234 nostre
1246 2165 1435 2260 Majestatis
1451 2183 1526 2252 pre·

407 2277 523 2345 sencio
548 2277 744 2344 constitutus
770 2277 886 2343 humili
908 2277 1130 2362 suplicaoione
1157 2280 1315 2341 anostra
1341 2272 1528 2339 Serenitate

407 2387 599 2474 postulauit,
617 2394 653 2453 vt
671 2385 908 2453 dimidietatem
934 2392 1020 2452 terre
1037 2385 1209 2470 Raduana,
1235 2385 1326 2469 ouJ'ns
1343 2383 1443 2448 aliam
1461 2398 1528 2446 1111-

407 2495 563 2562 dietatem
580 2494 741 2561 Dominus
758 2498 830 2562 Rex
847 2493 1024 2562 Ladisleus
1040 2493 1150 2562 felicis
1166 2491 1406 2560 recordacionis
1423 2488 1526 2555 frater

406 2609 517 2670 noster
542 2604 700 2689 patruelis
725 2603 892 2669 mediante
917 2621 976 2668 suo
1005 2599 1183 2688 priuilegio
1219 2597 1324 2667 eidem
1350 2598 1530 2664 dinoscitur

408 2711 608 2795 contulisse,
634 2718 732 2796 prout
746 2711 781 2777 in
799 2711 947 2798 ejusdem
963 2708 1088 2777 domini
1104 2707 1256 2776 Ladislai
1279 2706 1380 2790 Regis
1400 2706 1529 2790 priuile-

409 2821 464 2906 gio
481 2819 577 2885 nobis
595 2818 740 2885 exhibito
758 2819 901 2886 vidimus
918 2819 1087 2900 contineri,
1106 2819 1201 2884 simul
1213 2835 1284 2880 cum
1303 2815 1398 2880 terris
1418 2814 1530 2896 pisce·

291 2923 296 2931 ’
411 2936 516 2996 torum
531 2935 727 3015 nostrorum,
752 2947 814 3012 que
830 2935 940 2994 nostre
957 2929 1122 3012 pertinent
1137 2925 1324 3011 Majestatis
1342 2925 1528 3010 collacioni‚

411 3039 512 3104 misso
528 3036 659 3104 homine
675 3043 787 3103 nostro
812 3037 909 3104 metis
926 3035 1092 3103 distinctis
1112 3036 1218 3102 eidem
1245 3033 1395 3101 conferre
1412 3033 1530 3116 digna-

411 3163 528 3212 remur.
546 3147 614 3213 Nos
631 3146 731 3230 igitur
747 3145 958 3212 attendentes
984 3144 1161 3212 fidelitates
1179 3153 1211 3209 et
1235 3141 1377 3210 seruicia
1401 3141 1531 3208 merito·

412 3255 463 3320 ria
477 3252 623 3321 eiusdem
649 3251 786 3320 Comitis
802 3252 945 3320 Dionisii
954 3302 963 3336 ,
990 3271 1053 3336 que
1068 3253 1160 3322 nobis
1177 3251 1211 3317 in
1228 3251 1376 3318 omnibns
1397 3248 1530 3336 expedi-

412 3362 561 3432 cionibus
573 3363 695 3431 nostris
713 3372 745 3429 11
760 3363 865 3446 Regni
891 3364 995 3428 nostri
1012 3383 1085 3429 cum
1108 3360 1236 3426 feruore
1254 3379 1405 3444 supreme
1421 3357 1531 3424 fideli·

413 3471 495 3540 tatis
522 3470 730 3536 laudabiliter
755 3468 915 3554 impendit
932 3475 965 3534 et
981 3470 1108 3554 deuote,
1124 3488 1189 3534 non
1205 3468 1369 3552 parcendo
1396 3467 1466 3532 suis
1483 3486 1531 3532 re-

412 3581 474 3646 bus
491 3585 548 3644 aut
563 3597 714 3664 persone,
731 3579 930 3667 peticionem
941 3577 1090 3666 ejusdem
1100 3615 1143 3626 -
1157 3613 1193 3622 -
1207 3612 1252 3624 --
1262 3577 1303 3644 de
1319 3596 1482 3645 consensu
1499 3587 1532 3646 11

412 3686 550 3755 consilio
566 3686 805 3755 venerabilium
831 3694 962 3772 patrum
978 3686 1104 3754 domini
1120 3685 1305 3752 Lodomerii
1325 3686 1533 3772 strigonien·

412 3795 458 3862 sis
484 3801 516 3862 et
540 3793 700 3863 iohannis
727 3795 918 3864 Colocensis
944 3797 1007 3862 Dei
1039 3795 1154 3881 gracia
1188 3794 1531 3882 Archiepiscoporum,

412 3902 579 3973 Dominici
604 3905 753 3990 Magistri
769 3904 1027 3972 Tauarnieorum
1051 3911 1236 3970 nostrorum
1254 3911 1285 3968 et
1302 3904 1454 3986 magistri
1469 3905 1533 3971 De·

414 4013 523 4080 metrii
538 4011 675 4080 Comitis
692 4012 734 4078 de
749 4011 862 4078 Zolum
872 4061 881 4094 ,
908 4033 1048 4079 111111
1066 4011 1255 4102 etwaliorum
1275 4012 1442 4079 Beronum
1469 4035 1532 4080 no-

415 4126 556 4188 strorum
571 4122 748 4188 admittere
774 4123 808 4187 in
825 4121 995 4206 premissis
1021 4141 1094 4188 eum
1111 4121 1228 4188 effectu
1244 4121 1394 4188 volentes
1420 4123 1533 4188 statui-

416 4249 495 4304 mus,
512 4237 547 4294 vt
563 4231 637 4316 ipse
653 4228 715 4295 dne
731 4228 954 4296 dimidietates
981 4251 1041 4297 seu
1057 4241 1169 4315 partes
1186 4237 1272 4296 terre
1291 4231 1469 4316 Reddens,
1487 4232 1533 4297 si-

416 4339 482 4402 mul
497 4357 570 4404 oum
586 4338 662 4406 aliis
687 4338 858 4422 particulis
879 4341 921 4404 de
938 4342 1035 4406 terris
1052 4338 1249 4424 piscatorum
1275 4343 1460 4406 nostrorum
1477 4341 1534 4405 ad·
1624 4343 1626 4346 ’

416 4444 503 4526 ditis,
521 4466 579 4529 per
603 4447 794 4530 magistrum
811 4449 963 4514 1111111111
978 4452 1053 4514 1111
1071 4457 1181 4514 111111
1207 4446 1336 4514 fidelem
1361 4450 1534 4515 Notarium

418 4562 451 4618 ct
475 4553 662 4638 Philippum
673 4553 942 4668 ⁴Viae-Comitem
975 4555 1016 4622 de
1041 4557 1176 4623 Zoulum
1202 4556 1407 4621 reambulate
1439 4560 1534 4623 metis

417 4659 589 4750 distinctis,
615 4661 720 4728 eidem
747 4662 864 4730 Comiti
887 4666 1056 4749 Dionisio,
1083 4664 1206 4730 Thone
1234 4669 1267 4728 et
1291 4664 1430 4732 Nicolao
1457 4665 1535 4738 filiis
