3166 5238
558 367 709 470 ffl-

71 565 225 651 dedisset,
242 568 388 653 legasset
404 572 436 633 ei
454 568 812 653 eontulissetperpetuo
828 565 1064 652 possidendam
1080 572 1112 632 et
1128 565 1185 631 ha-

70 675 223 745 bendam.
239 678 359 747 Datum
384 674 520 745 infesto
544 676 639 746 Beati
664 678 814 746 Ladislai
839 676 938 764 Regis
955 693 1041 746 anno
1056 671 1188 742 Domini

69 787 111 853 ll.
131 785 194 854 CO.
211 784 425 872 nonagesimo
446 785 594 872 septimo.
973 791 976 806 '

261 1000 407 1073 (Eredetie
421 1019 439 1059 a
450 999 610 1074 vesuprdmi
622 998 762 1075 ktptalan
774 998 996 1066 levdlttrtban.)

498 1307 762 1324 W

599 1893 664 1958 m.

67 2091 161 2155 Mitt
175 2090 332 2175 Detrefia
357 2093 388 2155 6⁸
411 2091 513 2156 Jouos
535 2090 635 2176 Byter
642 2090 692 2174 fla
707 2091 825 2176 oeanely
840 2089 956 2155 boeoti
962 2089 1078 2176 joqaile
1094 2090 1190 2170 iaciat,

209 2200 333 2262 aodeaa'
348 2197 504 2283 kdptolsta
520 2199 592 2264 elb'tt
607 2192 809 2264 oiezoaeeer'e't
824 2199 944 2263 kdtoele.
963 2199 1060 2262 1297.

178 2409 396 2498 (0)apitulnm
413 2414 562 2483 Eoolesia
578 2415 762 2483 Waoiensis
787 2417 935 2485 omnibns
953 2415 1072 2483 Christi
1089 2413 1191 2483 lideli·

68 2523 129 2588 bus
147 2521 267 2603 quibus
283 2527 455 2608 presentes
471 2523 688 2592 ostenduntur
704 2524 844 2592 salutem
860 2528 892 2591 in
910 2526 1056 2592 omnium
1081 2525 1190 2592 salna-

66 2638 151 2696 tore.
177 2629 230 2695 Ad
246 2631 467 2702 uniuersorum
494 2633 651 2700 noticiam
671 2641 786 2700 tenore
811 2635 1015 2720 presencium
1040 2634 1191 2703 volumus

65 2740 264 2824 peruenire,
291 2740 376 2822 quod
398 2741 518 2808 Comes
535 2742 647 2810 Mikou
674 2741 760 2809 filius
775 2743 900 2810 Detrioi
928 2742 1058 2810 abana
1083 2746 1190 2826 parte,

64 2845 241 2913 Johannes
256 2845 343 2913 lilius
360 2845 495 2915 Comitis
510 2847 614 2934 Byter
630 2855 663 2915 et
678 2849 861 2916 Hermanno
877 2849 1026 2916 seruiens
1043 2847 1192 2914 eiusdem

65 2951 206 3020 Comitis
221 2954 323 3038 Byter
340 2973 412 3020 oum
428 2954 548 3020 litteris
565 2952 685 3020 nostris
702 2955 938 3040 procuratorijs
952 2973 1052 3038 super
1067 2952 1191 3021 ratiha-

66 3061 201 3128 bioione
219 3061 378 3130 eonfeetis
394 3081 453 3150 pro
470 3063 588 3132 eodem
605 3063 731 3132 Gemite
747 3066 849 3152 Byter
874 3082 915 3129 ex
931 3064 1039 3130 altera
1049 3113 1057 3146 ‚
1081 3082 1191 3129 eoram

67 3170 167 3238 nobis
186 3171 403 3255 personaliter
420 3172 586 3239 constituti
603 3173 746 3242 confessi
762 3180 839 3240 sunt
854 3173 931 3240 uiua
946 3191 1040 3257 noae,
1058 3170 1143 3254 quod
1159 3170 1192 3237 in

66 3283 269 3368 quibusdam
293 3282 559 3370 possessionibus
576 3283 739 3368 ipsorum,
766 3284 891 3350 soilioet
916 3280 1082 3350 Oloharzk
1099 3298 1191 3346 exoa·

66 3399 127 3477 pta
145 3410 169 3457 a
185 3391 369 3477 Hyriehon‚
396 3391 535 3475 predioti
553 3391 688 3459 Comitis
705 3395 817 3459 Mikou
844 3391 999 3480 emptieia
1023 3390 1192 3467 videlieet,

65 3505 99 3564 et
115 3499 293 3566 Galabueh
304 3501 474 3566 memorati
485 3497 621 3567 Comitis
633 3501 734 3587 Byter
750 3501 902 3586 aquisita‚
913 3500 994 3585 ipsis
1006 3499 1124 3566 litteris
1134 3517 1194 3565 seu

63 3607 265 3694 priuilegijs,
276 3627 405 3677 neenon
415 3609 636 3676 instrumentis
648 3608 865 3678 oiroumdatas
876 3616 908 3677 et
924 3609 1083 3676 limitatas
1095 3602 1193 3693 (tgy)‚

65 3717 191 3798 quibus
208 3724 320 3801 partes
337 3736 440 3800 usqne
457 3718 553 3786 modo
576 3720 812 3802 possederunt,
840 3717 1065 3785 eoneambinm
1080 3716 1192 3784 huius·

67 3823 161 3893 modi
178 3825 249 3892 fieri
277 3825 487 3894 ordinassent
512 3827 597 3892 inter
613 3827 725 3913 ipsos,
750 3828 836 3910 quod
861 3831 1059 3894 memoratus
1076 3825 1193 3894 (lomes

64 3934 195 4019 Mykou
211 3934 391 4020 predictam
407 3936 654 4023 possessionem
665 3933 829 4004 Oloharak
846 3941 1000 4002 uocatam
1011 3954 1083 4002 oum
1094 3936 1194 4002 omni·

66 4044 129 4110 bas
151 4040 350 4110 utilitatibus
367 4050 400 4110 et
414 4043 630 4129 pertiuenoijs
656 4043 724 4109 suis
744 4042 836 4128 (sub)
853 4045 936 4130 ipsis
952 4042 1057 4118 metis,
1074 4041 1191 4125 quibus

65 4149 142 4234 ipse
160 4157 295 4218 actenus
311 4151 482 4237 possedit,
507 4152 655 4221 dedisset
671 4159 703 4220 et
729 4153 921 4221 contulisset
936 4159 1117 4221 memorato
1133 4152 1193 4220 (lo-

64 4259 138 4326 miti
155 4259 256 4345 Byter
266 4310 273 4342 ,
291 4267 323 4327 et
339 4259 415 4346 lilijs
433 4262 520 4347 suis,
548 4282 587 4327 ao
604 4262 766 4332 uniuersis
782 4261 958 4332 heredibus
980 4266 1133 4348 ipsorum,
1157 4262 1191 4330 in

66 4366 299 4438 oonoambium
324 4368 471 4453 predicte
497 4379 583 4436 terre
600 4369 776 4437 Galatae-h
796 4372 867 4438 inre
883 4376 1042 4456 perpetuo
1069 4376 1102 4438 et
1117 4371 1194 4439 irre-
1270 4456 1274 4462 Ι

65 4476 267 4544 uooabiliter
282 4477 539 4562 possidendam,
565 4478 741 4546 tenendam
760 4486 792 4544 et
808 4480 1013 4561 habendam3
1039 4485 1071 4543 et
1087 4499 1105 4546 e
1120 4499 1192 4544 oon-

65 4606 167 4654 aerso
186 4586 271 4653 idem
285 4585 403 4655 Comes
414 4585 515 4675 Byter
532 4595 565 4654 et
580 4588 638 4674 lilij
656 4591 706 4654 sui
718 4596 932 4654 memoratam
951 4590 1193 4674 possessionem
1249 4657 1251 4662 .

67 4697 219 4779 ipsorum
247 4693 419 4764 Galabnoh
444 4703 597 4764 uooatam
608 4745 616 4778 ,
644 4693 795 4764 similiter
822 4696 938 4765 eodem
964 4697 1078 4782 modo,
1098 4703 1193 4782 prout

123 4837 553 4907 nonuusonaarsrnrnu-ro.
1002 4823 1042 4888 12
