3166 5238
612 987 685 1052 152.

79 1183 114 1248 A
130 1208 174 1248 cz.
191 1185 301 1270 Epycd
316 1187 455 1272 somopyi
469 1183 632 1270 kocoentje
648 1183 756 1248 Potest
771 1184 909 1269 somoyyi
925 1181 1068 1267 alispdot
1084 1185 1115 1247 cs
1129 1185 1208 1270 clyp

77 1293 180 1357 hircis
205 1292 377 1380 teddsitja,
402 1293 484 1378 dopy
510 1289 649 1377 Mihdlyt
673 1290 922 1375 Devecdcrfidt,
939 1290 1062 1374 Εάεκῑό,
1080 1289 1205 1356 Iednlcc

79 1399 204 1478 sonas
220 1403 404 1466 marcsztalt
419 1401 583 1487 tolvajcat
600 1399 714 1466 oberit
730 1397 903 1485 helysdpcbc
918 1398 1069 1485 deiciettu
1083 1421 1099 1462 s
1114 1421 1153 1463 az
1167 1397 1204 1463 it-

272 1510 332 1574 test
339 1507 461 1593 fclcdet
477 1507 641 1596 idrecrcybe
656 1509 763 1573 turzco.
780 1507 878 1572 1299.
887 1505 954 1592 just.
971 1507 1024 1570 24.

162 1748 167 1756 -
193 1705 280 1773 Viris
296 1705 460 1776 nobilibus
472 1703 591 1774 domiti
600 1706 697 1774 Petro
707 1700 905 1790 Vicejndiei
914 1701 1066 1788 magistri
1076 1702 1209 1770 Iwance

79 1813 221 1882 Comitis
237 1814 466 1903 Symigiensis,
484 1821 516 1884 et
533 1821 672 1899 quatuor
686 1811 858 1882 Judieibus
877 1810 1044 1880 Nobilium
1059 1810 1209 1880 eiusdem
1254 1864 1255 1868 η

80 1923 265 1992 Comitatus
275 1974 284 2008 ,
301 1925 491 1993 (ionnentus
508 1924 699 2010 Monastcrij
721 1921 837 1990 Sancti
861 1920 972 2007 Egidij
998 1917 1040 1986 ds
1056 1920 1208 2010 Symigio

79 2031 229 2100 debitum
246 2031 397 2100 amicicie
415 2038 449 2100 et
464 2031 609 2098 honoris.
626 2028 773 2098 Litteras
790 2031 901 2096 uestro
917 2025 1101 2096 nobilitatis
1118 2047 1208 2095 reee-

79 2140 191 2224 pimus
217 2141 442 2221 continentes,
468 2137 555 2223 quod
571 2139 716 2207 Michacl
741 2135 827 2206 tilius
844 2135 1018 2204 Denecher
1043 2135 1209 2202 exhibuis-

81 2252 135 2312 set
150 2247 245 2314 uobis
271 2247 402 2314 litteras
429 2251 577 2322 uestras,
602 2245 770 2328 inquibus
796 2241 987 2332 reperistis,
1013 2241 1209 2312 Lndiulaum

81 2355 184 2421 tilium
206 2356 347 2424 Iwanka
372 2355 415 2423 de
441 2354 567 2424 Oberth
592 2353 626 2419 in
647 2352 733 2421 furto
758 2370 833 2420 esse
859 2351 1066 2431 conuictum,
1093 2359 1209 2419 eontra

2 2468 5 2478 “
80 2463 191 2548 ipsum
209 2463 425 2550 Michaelem‚
443 2468 476 2530 et
492 2463 526 2530 in
541 2459 680 2546 judicijs
700 2465 921 2546 aggruuatum
931 2509 941 2544 ,
966 2459 1172 2543 requirentes
1188 2481 1210 2527 a

82 2569 181 2638 nobis
192 2619 201 2654 ,
229 2574 265 2635 ut
280 2589 353 2636 cum
369 2569 509 2639 Nicoluo
536 2569 603 2637 filio
618 2567 747 2638 Pethke
763 2566 895 2634 homine
920 2571 1035 2636 nestro
1061 2573 1209 2635 nostrum

82 2678 292 2744 mitteremus
309 2677 474 2744 hominem
491 2697 550 2761 pro
567 2673 774 2760 testimonio,
800 2693 910 2743 coram
927 2695 989 2759 qno
1007 2673 1095 2742 idem
1110 2676 1209 2741 homo

82 2793 209 2872 uester,
227 2787 368 2853 eundem
384 2785 578 2854 Michaelem
595 2782 699 2852 filium
715 2783 906 2868 Deueoher,
931 2783 1157 2853 introduceret
1173 2784 1209 2850 in

81 2895 331 2980 possessionem
357 2892 508 2960 eiusdem
525 2891 684 2976 Ladinlei‚
702 2888 829 2960 Oberth
847 2891 1051 2978 predictam,
1077 2913 1208 2961 mansu-

81 3023 140 3070 rus
156 3003 189 3068 in
208 3001 325 3068 cadem
351 3019 456 3084 usque
473 3000 620 3084 quintum
645 2999 806 3068 decimum
822 3000 908 3067 diem
935 3000 1062 3084 absque
1082 3001 1208 3068 lesione

82 3107 311 3196 possessionis
326 3115 525 3195 memorate3
543 3107 668 3174 diceret
683 3107 789 3174 eciam
806 3105 913 3175 eidem
928 3105 1106 3193 Ludizlso,
1123 3114 1158 3174 nt
1174 3108 1207 3174 in

82 3219 160 3303 ipso
177 3215 430 3302 quintodecimo
444 3215 500 3283 die
521 3222 715 3301 conpareret
725 3214 952 3300 personaliter,
969 3212 1011 3280 de
1022 3214 1110 3281 facto
1121 3215 1208 3300 prin·

83 3325 187 3411 cipali
211 3330 246 3391 et
262 3321 452 3410 dejudicijs
478 3321 574 3391 uobis
598 3319 762 3409 utjudiey
781 3329 815 3390 et
839 3323 928 3410 parti
944 3319 1085 3390 aduerso
1111 3323 1207 3390 satis·

83 3432 221 3516 faceret,
238 3431 355 3500 citaret
372 3431 476 3497 eciam
485 3429 614 3499 vicinos
625 3437 658 3498 et
674 3436 916 3498 commstsneos
927 3429 1073 3498 eiusdem
1089 3430 1209 3500 Ladiz·

69 3543 149 3624 iai,
177 3538 221 3606 ud
246 3537 450 3607 resciendum
475 3537 526 3622 id,
554 3537 583 3605 si
607 3537 850 3626 possessionem
875 3538 1022 3606 eiusdem
1048 3538 1208 3608 redimere

84 3648 250 3715 noluerint
265 3667 328 3714 nee
344 3667 396 3734 ne,
414 3646 460 3715 ad
475 3651 620 3714 uestram
637 3647 857 3735 presencium,
874 3646 918 3714 ad
939 3647 1113 3714 terminum
1130 3669 1206 3718 con·

83 3762 261 3842 petentem.
287 3755 359 3822 Nos
375 3774 455 3822 uero
481 3753 702 3840 peticionibus
718 3755 839 3822 uestris
865 3753 1062 3823 satisfacere
1077 3754 1209 3841 cupien-

83 3872 146 3947 tes,
162 3870 198 3928 ut
214 3861 382 3947 debemus,
400 3881 474 3928 cnm
490 3860 640 3946 predicto
660 3861 793 3931 homine
809 3869 918 3930 uestro
937 3880 1037 3928 unum
1054 3881 1095 3928 ex
1111 3862 1207 3932 nobis

84 3971 233 4040 misimus
249 3990 309 4058 pro
325 3971 525 4056 testimonio,
551 3971 606 4052 qui
621 3972 829 4055 postmodum
846 3991 911 4039 uns
928 3989 1000 4036 cum
1017 3968 1134 4036 eodem
1150 3969 1207 4038 ho·

84 4081 175 4146 mine
191 4084 302 4147 uestro
319 4077 362 4144 cd
388 4099 448 4147 nos
465 4079 597 4147 rediens
614 4079 698 4146 dixit
707 4129 717 4163 ,
743 4081 832 4162 quod
847 4077 933 4146 idem
950 4078 982 4145 in
999 4079 1052 4146 sui
1075 4097 1208 4164 pressn-
1313 4061 1316 4092 ¹

84 4191 137 4255 cia
154 4187 335 4274 predictum
361 4187 558 4254 Michaelem
584 4188 688 4256 filium
703 4188 877 4268 Deneoher
900 4188 934 4253 in
951 4189 1037 4256 festo
1054 4187 1209 4256 Transla-

84 4298 190 4364 eionis
215 4296 313 4363 Beati
330 4297 501 4367 Benedicti
527 4295 735 4365 Confesseris
762 4295 998 4366 introduxisset
1023 4296 1056 4365 in
1080 4315 1208 4384 posses·

83 4406 210 4474 sionem
227 4402 378 4475 Ladizlci
395 4402 455 4492 filij
472 4405 619 4489 quenis,
637 4403 763 4474 Oberth
778 4406 970 4493 predictam,
987 4405 1207 4474 mansissent-

83 4513 198 4596 quein
215 4512 331 4579 eadem
349 4535 369 4578 a
386 4514 441 4582 die
467 4513 733 4600 introduccionis‚
756 4533 860 4598 usque
877 4515 1026 4597 quintum
1042 4515 1204 4582 decimum

83 4621 171 4689 diem
187 4621 315 4704 ubsque
330 4621 455 4692 lesione
481 4622 646 4710 eiusdem;
672 4623 831 4694 dixissent
846 4625 951 4693 eciem
977 4623 1073 4696 fratri
1088 4623 1193 4710 ipsius
