3262 5242
890 283 933 347 22

915 373 993 382 ..--‹

352 500 435 563 mus,
453 488 489 546 nt
506 482 653 566 hospites
664 481 770 548 nostri
786 483 947 550 antedicti
958 499 1163 567 quocumque
1180 501 1240 568 per
1256 490 1377 549 terram
1389 487 1476 548 tran-

353 590 451 655 situm
469 589 578 656 facere
604 590 788 673 voluerint,
814 590 976 658 derebus
1002 593 1144 676 ipsorum
1172 589 1294 656 nullum
1320 591 1475 656 tributum

353 718 415 764 nec
432 698 467 764 in
485 695 682 780 (sertatim,
706 697 739 762 in
756 697 967 782 Balwanius‚
992 719 1054 766 nec
1070 701 1103 767 in
1120 699 1251 766 Deauar
1267 700 1347 766 dare
1364 709 1397 768 et
1413 701 1476 766 sol·

354 826 432 873 uere
447 814 632 874 teneantur.
658 809 701 873 Et
715 808 778 875 hec
801 810 911 876 omnia
927 807 1075 893 superins
1099 828 1159 894 per
1176 829 1236 874 nos
1262 811 1425 895 ordinata,
1443 815 1475 874 et

353 936 413 1003 per
429 916 596 983 dominum
622 919 735 984 Belem
752 923 784 983 et
808 917 1013 1003 Stephanum
1039 917 1189 984 illustres
1207 919 1313 1001 Reges
1330 917 1477 1001 Vngarie

354 1025 438 1110 ipsis
453 1025 639 1110 hospitibus
667 1026 788 1094 nostris
806 1028 886 1093 data
912 1026 1043 1092 fuerant
1056 1031 1090 1092 et
1116 1045 1282 1093 concessa.
1309 1025 1352 1090 Vt
1367 1031 1478 1092 autom

355 1133 417 1199 hec
434 1132 605 1200 ordinacio
621 1139 733 1200 nostra
749 1134 849 1225 robur
865 1133 1015 1218 optineat
1032 1139 1188 1220 perpetue
1205 1133 1389 1218 firmitatis,
1416 1154 1479 1200 nec

355 1241 423 1309 ullo
440 1258 584 1322 unquam
601 1247 750 1327 tempore
766 1259 826 1326 per
842 1241 1028 1327 quempiam
1039 1242 1072 1307 in
1089 1242 1214 1307 irritum
1232 1241 1338 1327 possit
1353 1241 1407 1308 uel
1423 1263 1478 1308 va·

355 1350 423 1416 leat
439 1348 610 1431 reuocari,
636 1355 806 1434 presentes
824 1350 1046 1416 concessimus
1063 1351 1193 1415 litteras
1217 1349 1358 1433 duplicis
1374 1349 1479 1431 sigilli

357 1457 461 1526 nostri
470 1458 645 1522 munimine
656 1458 839 1526 roboratas.
850 1457 972 1524 Datum
988 1479 1047 1543 per
1057 1477 1172 1525 manus
1182 1458 1245 1526 viri
1256 1457 1398 1542 discreti,
1411 1480 1479 1524 ma·

355 1566 450 1651 gistri
465 1563 632 1633 Theodori
649 1565 811 1650 Prepositi
829 1567 996 1650 Albensis,
1022 1569 1098 1634 aule
1119 1573 1231 1635 nostre
1247 1567 1479 1634 Viae-Cancel-

357 1675 432 1761 larij
450 1671 559 1741 dilecti
577 1674 728 1742 etfidclis
746 1676 861 1743 nostri.
879 1676 974 1742 Anno
987 1677 1120 1744 Domini
1129 1677 1178 1744 Μο
1188 1674 1480 1760 OO⁰nonagesimo

358 1784 472 1870 primo,
490 1784 698 1853 octauoIdns
716 1785 879 1871 Jannarij,
898 1785 1006 1870 Regni
1016 1791 1127 1852 autom
1138 1785 1243 1852 nostri
1263 1805 1349 1853 anno
1366 1785 1481 1868 primo.

360 2017 400 2089 (A
412 2018 684 2076 kolonsmonostori
705 2022 830 2075 convent
844 2016 988 2072 1447-ᾶὶὶί
1007 2014 1183 2088 ttirattbol,
1202 2016 1281 2073 Dens
1295 2016 1381 2074 vetros
1395 2014 1482 2074 love‘l-

738 2107 871 2166 tdrttban.
885 2107 968 2165 Scoto'
981 2105 1104 2179 Kdrolp.)

789 2418 1057 2430 -n—-n———v

899 2991 951 3056 ll.

363 3191 429 3256 nr.
447 3189 555 3254 maa
581 3185 689 3274 araca
713 3188 772 3253 JV.
789 3187 967 3253 asanaa
993 3211 1014 3252 a
1039 3190 1161 3254 arzana
1185 3150 1302 3256 rasso-0
1328 3191 1484 3255 raro-ca

363 3299 489 3365 madon
513 3295 783 3382 kivdltcdplcaelat
807 3295 908 3361 eadrdl
931 3299 1023 3362 sadra
1048 3301 1155 3362 ottavo
1178 3299 1361 3384 mayerh-siti.
1389 3300 1484 3364 1291.

472 3489 652 3581 (Aindreas
676 3493 740 3562 Dei
764 3495 880 3580 gracia
905 3495 1075 3579 Hungarie
1086 3545 1095 3579 ‚
1120 3495 1309 3579 Dalmacie,
1336 3497 1484 3580 Oroacie,

365 3605 488 3688 Rame,
507 3602 641 3686 Seruio,
660 3601 822 3685 Gallicis,
840 3603 1057 3686 Lodomerie,
1075 3603 1251 3687 Cumanie,
1267 3604 1485 3689 Balgariequo

363 3715 435 3780 Rex
452 3709 601 3779 omnibus
617 3710 738 3780 Christi
753 3711 906 3778 fidelihus
917 3716 1103 3797 presentem
1116 3713 1271 3796 paginam
1290 3712 1485 3798 inspecturis

366 3822 504 3888 salutem
530 3817 564 3882 in
582 3818 726 3885 omnium
752 3821 926 3886 saluatore.
953 3818 1005 3884 Ad
1020 3821 1245 3886 universorum
1261 3820 1417 3888 noticiam
1441 3828 1485 3889 te·

366 3951 445 3998 nore
461 3927 670 4016 presencium
680 3928 796 3994 harum
806 3927 890 3994 serie
900 3928 1049 3995 volumus
1066 3929 1246 4013 pervenire,
1259 3931 1485 4012 quoduillicns

368 4047 401 4108 et
416 4037 566 4123 hospites
591 4035 696 4104 nostri
713 4037 754 4104 de
770 4038 930 4105 Dccswar
953 4037 999 4105 ad
1020 4047 1166 4106 nostram
1193 4042 1391 4107 accedentes
1416 4059 1486 4128 pre-

368 4147 516 4216 senciam
526 4145 748 4214 exhibuerunt
757 4147 853 4214 nohis
863 4147 1071 4232 priuilegium
1082 4147 1249 4214 karissimi
1264 4147 1376 4215 fratris
1386 4148 1486 4216 nostri

367 4257 468 4340 Regis
484 4255 646 4342 Ladialay
664 4255 752 4320 clare
769 4255 932 4338 memorie,
958 4253 1097 4322 formam
1114 4263 1146 4318 et
1162 4263 1304 4322 tenorem
1322 4255 1485 4342 priuilegij

368 4364 535 4434 karissimi
551 4364 606 4430 aui
623 4363 727 4432 nostri
739 4413 748 4448 ‚
773 4364 935 4448 Stephani
950 4365 1051 4448 Regis
1076 4364 1218 4431 illustris
1245 4365 1487 4434 recordacionis

369 4472 564 4544 continentis
582 4480 615 4540 et
640 4471 862 4541 confirmantis
888 4473 1005 4541 seriem
1030 4471 1134 4538 eciam
1161 4474 1343 4540 litterarum
1369 4470 1486 4562 Ireney

370 4582 455 4652 Bani
471 4581 634 4666 quondam
659 4579 889 4650 Transsiluani
915 4579 1132 4659 includentis,
1157 4603 1256 4668 super
1271 4584 1358 4652 iacto
1385 4587 1488 4650 status
