3166 5238
898 315 961 386 158

843 405 1000 420 m

363 517 423 584 bus
446 515 637 604 plenissimo
662 514 812 583 interseri
837 514 970 582 fecimus
995 513 1038 580 ad
1063 514 1234 592 osutolum.
1259 517 1298 584 In
1324 515 1411 585 ouius
1426 515 1473 583 rei

364 627 554 695 memoriam
570 631 700 693 nostras
724 622 873 691 dedimus
898 622 1025 690 litteras
1049 622 1150 709 sigilli
1173 624 1278 690 nostri
1304 623 1473 691 munimine

363 733 546 804 roboratus.
580 733 702 802 Dotnm
728 733 761 798 in
788 732 902 820 vigilio
925 731 1188 800 Resurreeeionis
1214 733 1367 820 Domini,
1392 753 1474 800 anuo

363 843 493 911 Domini
509 843 558 912 Μο
572 841 643 910 00⁰
658 843 873 930 nonogesimo
895 847 999 911 sexto.

363 1036 509 1112 (Hirtydn
521 1043 692 1114 gydny'oriin
704 1035 776 1098 irre.
790 1037 870 1094 Mind
883 1057 900 1094 s
913 1034 1097 1108 r'o'viditdsek,
1117 1037 1196 1092 mind
1209 1035 1362 1096 diteidbnn
1373 1055 1408 1095 su
1420 1034 1474 1094 iris

363 1126 452 1200 egdsz
464 1130 616 1200 iriilelokje
629 1131 751 1201 snnyira
765 1127 939 1185 emldkeztet
952 1145 969 1182 u
981 1125 1085 1199 kirdlyi
1098 1127 1231 1184 iroddbdl
1244 1129 1374 1186 kikeriilt
1385 1129 1475 1185 okirs·

362 1219 456 1290 tokre,
469 1221 547 1294 hogy
558 1219 696 1291 hejlendd
710 1218 827 1292 vsgyok
841 1217 961 1288 dllitsni,
975 1219 1120 1273 miezerint
1133 1235 1166 1273 ez
1178 1218 1316 1290 okmdnyt
1328 1219 1377 1290 oly
1389 1219 1472 1274 kano-

363 1311 422 1368 nolr
435 1310 498 1383 iris,
512 1313 542 1367 ki
555 1313 663 1368 ozeliitt
675 1309 808 1380 ekirdlyi
821 1309 963 1366 iroddbsn
970 1309 1095 1383 jegyniii,
1109 1327 1194 1383 vsgy‚
1208 1308 1246 1363 hs
1255 1309 1371 1380 tetendi,
1385 1309 1471 1364 irnoki

362 1403 487 1460 hivutslt
506 1403 599 1461 riselt.
618 1403 645 1457 Α
658 1401 756 1473 penset
775 1406 859 1458 vdrds
879 1401 1007 1473 selymen
1026 1399 1107 1474 fdgg.
1127 1399 1413 1473 Peneonyirdptalsni
1431 1421 1469 1457 or·

369 1485 377 1502 ⁸
505 1493 609 1566 sndgos
623 1492 755 1552 leveitdr.
770 1493 866 1564 Ospss
878 1493 939 1550 vll.
952 1491 1035 1548 Fnee.
1049 1495 1074 1548 1.
1087 1490 1156 1548 Nro.
1170 1493 1195 1548 2.
1214 1491 1329 1562 Kaous.)

885 2391 962 2460 1⁰2.

358 2594 485 2684 intuo
500 2591 590 2680 eros
603 2591 810 2678 vesseuodltja
833 2593 982 2674 Menon,
1002 2591 1117 2658 Tumds
1132 2595 1165 2656 ds
1178 2593 1281 2658 Jdnos
1308 2592 1417 2680 helyett
1430 2613 1461 2656 uz

359 2705 458 2793 opjuit
473 2703 557 2770 uitat
572 2701 725 2766 Lodomdr
740 2700 922 2788 esmmqome'
937 2701 1083 2766 draskoek
1099 2703 1143 2764 15
1157 2701 1287 2788 oiroioyi
1303 2702 1383 2766 tized
1391 2699 1460 2788 feje-

359 2813 416 2877 deo
441 2812 631 2898 eledioqitott
647 2807 735 2895 Aojo
758 2809 839 2872 osuii
847 2805 973 2895 fodiet,
997 2809 1077 2895 moly
1101 2811 1188 2874 uze'rt
1212 2809 1381 2875 birtokdvct
1402 2807 1459 2874 toz.

869 2917 967 2981 1296.

466 3116 536 3184 Nos
553 3115 737 3204 Capitulum
761 3114 909 3184 Euolesie
925 3114 1135 3186 Posoniensis
1160 3117 1388 3202 significamus
1403 3115 1462 3186 rni-

359 3225 473 3311 uersis‚
490 3225 608 3308 quibus
624 3222 766 3311 expedit,
784 3242 843 3308 per
852 3229 1023 3309 presentes
1037 3245 1045 3309 ;
1062 3225 1151 3308 qnod
1161 3225 1348 3294 constitutis
1362 3246 1461 3314 perso·

358 3335 477 3402 naliter
493 3353 604 3402 eorem
628 3333 722 3403 nobis
739 3331 899 3419 Muttine,
926 3332 1073 3417 Thomu,
1098 3334 1249 3412 Johanne
1264 3335 1343 3422 filijs
1358 3337 1464 3420 szn,

358 3442 417 3530 filij
433 3445 541 3511 Renes
557 3463 599 3512 ex
615 3460 681 3510 rna
696 3447 801 3526 parte,
812 3505 815 3516 ,
827 3441 952 3510 comite
971 3442 1133 3511 Miohnele
1148 3444 1213 3512 filio
1229 3443 1414 3513 salamonis
1429 3444 1465 3512 de

360 3551 537 3640 Segiterijs
553 3550 596 3618 ab
613 3549 743 3636 alteras
763 3549 850 3617 idem
866 3548 1026 3634 Thomas,
1051 3553 1209 3621 Martinus
1226 3548 1289 3640 (et)
1306 3552 1463 3624 iohannes

359 3667 433 3730 sunt
449 3661 613 3746 confessi,
639 3660 728 3744 quod
743 3660 919 3743 quamdam
943 3667 1063 3730 terrem
1080 3659 1225 3748 ipsorum
1240 3662 1463 3733 hereditarium

357 3771 446 3858 Anje
470 3773 622 3840 voeamm
648 3766 691 3836 ad
716 3779 841 3852 septem
865 3773 976 3840 aratro
1001 3769 1234 3858 sufficientem,
1260 3789 1356 3854 quem
1381 3778 1463 3858 poter

357 3879 499 3965 ipsorum
530 3875 696 3962 quondum
729 3877 861 3946 domino
888 3875 1083 3945 Lodomeriu
1110 3878 1234 3946 Dinine
1260 3880 1462 3948 miseraoione

358 3987 617 4075 Arohiepisoopo
643 3986 864 4072 Strigoniensi
889 4007 949 4072 pro
976 3985 1163 4071 quindecim
1187 3992 1312 4057 merois
1342 3989 1461 4057 rasione

358 4080 557 4166 deeimarum
573 4097 800 4184 obligauerat,
828 4103 861 4164 et
876 4116 950 4166 eum
965 4099 1032 4166 iam
1048 4097 1170 4169 dudum
1196 4099 1294 4185 duplo
1314 4098 1461 4170 redimere

360 4205 546 4293 debuisset,
562 4207 703 4292 predicti
718 4207 898 4294 Martinus,
925 4207 1071 4278 Thomas
1087 4215 1121 4276 et
1135 4207 1303 4278 iohannes
1330 4210 1372 4278 de
1386 4209 1461 4279 bona

358 4313 525 4384 voluntate
540 4315 689 4402 ipsorum
703 4315 835 4384 reoione
851 4314 1134 4400 oousaqwinitetis
1151 4313 1236 4406 (igy)
1256 4314 1394 4386 eundem
1408 4323 1459 4384 ter·

358 4443 428 4489 rem
443 4422 531 4510 AnJ'a
546 4429 697 4494 noestam
712 4422 871 4494 (tomitem
894 4423 1091 4494 MiuhaeIem
1107 4445 1168 4512 pro
1184 4425 1334 4513 predicte
1349 4443 1461 4496 summe

357 4531 496 4620 pesunje
513 4549 587 4602 oum
602 4552 663 4603 sue
678 4533 822 4621 pecunia
836 4533 998 4602 redimere
1015 4535 1245 4620 permiserunt.
1268 4537 1374 4617 Quem
1387 4553 1457 4604 sum·

357 4659 445 4710 mom
461 4641 599 4726 peeuuie
623 4643 780 4732 magister
795 4643 948 4720 Androm
972 4645 1046 4716 loeo
1067 4651 1100 4716 et
1124 4644 1197 4718 vioe
1221 4643 1343 4718 domim
1367 4641 1457 4718 nostri
