3188 5238
444 409 446 419 ,
575 319 734 419 m..

102 535 171 586 eum
189 517 298 584 eundo
316 515 404 584 eadit
429 516 462 582 in
477 513 612 583 fluuium
637 515 791 583 Batnulna
815 517 1023 599 nominatum,
1038 533 1099 599 per
1115 531 1208 596 quem

100 627 160 692 itur
175 626 219 693 ad
235 627 416 710 predictum
440 623 572 691 fluuium
589 625 725 707 Borean,
742 630 775 690 et
790 624 910 691 abbino
926 623 1076 709 peruenit
1092 621 1137 688 ad
1152 619 1207 686 fln-

99 736 182 801 nium
200 733 373 802 Pasunoha
390 739 602 799 memoratum
628 732 673 799 ad
697 736 817 803 metam
832 734 990 821 priorem;
1008 738 1040 798 et
1059 732 1107 798 sie
1122 738 1207 796 mete

99 842 261 927 prelibate
286 840 506 926 possessionis
536 840 784 924 Feketeupotok
809 844 1042 924 terminantur,
1067 842 1151 906 siout
1174 839 1207 904 in

98 949 268 1036 priuilegio
284 948 404 1034 prefati
420 947 543 1014 domini
553 949 713 1034 Stephani
732 947 832 1032 Regis
844 951 1060 1034 comperimus
1076 949 1209 1028 seriose,

98 1066 129 1124 et
143 1057 206 1124 lide
222 1057 362 1124 uidimus
373 1060 535 1142 oeoulata,
545 1063 641 1142 prout
656 1057 760 1141 eniam
776 1059 926 1145 superius
944 1053 1209 1135 annotatquui

98 1167 229 1250 quidem
246 1166 402 1249 Comites,
427 1166 618 1233 Dominious
634 1165 761 1234 seilicet
777 1175 809 1232 et
827 1167 1009 1234 Demetrius
1025 1166 1086 1251 filij
1102 1167 1209 1251 Nyoo·

97 1277 150 1359 lai,
168 1297 209 1342 ao
225 1277 340 1344 Petrus
364 1273 450 1342 filius
474 1275 637 1344 Johannis
654 1275 725 1362 fiilij
751 1276 916 1362 Farkasij‚
937 1275 1019 1360 ipsis
1037 1275 1210 1360 sexaginta

17 1391 18 1396 ’
99 1385 215 1454 mareis
232 1384 365 1468 abipso
383 1383 507 1452 Gemite
532 1383 681 1468 Nyoolao
697 1385 845 1469 plenarie
861 1385 1011 1467 reoeptis,
1029 1384 1134 1468 ipsum
1150 1380 1210 1448 Go-

98 1494 207 1560 mitem
223 1493 397 1560 Nicolaum
413 1499 446 1558 et
462 1508 542 1557 suos
558 1489 697 1558 heredes
714 1511 754 1558 ao
764 1511 972 1559 successores
987 1491 1120 1556 raeione
1135 1509 1208 1578 pre·

97 1603 180 1668 diote
197 1601 420 1686 possessionis
445 1599 696 1684 Feketeupotolr
724 1609 841 1666 uoeate
857 1619 1013 1687 proeessu
1029 1606 1209 1684 temporum

98 1711 312 1795 sibimetipsis
327 1709 498 1777 sileneium
514 1717 691 1796 pepetuum
708 1710 903 1795 inponentes
921 1729 1030 1774 noram
1045 1707 1149 1789 uobis,
1167 1705 1210 1772 ab

99 1821 247 1887 omnibus
265 1819 439 1885 molestare
465 1835 523 1884 seu
548 1817 733 1900 inquietare
755 1817 941 1883 nolentibus
967 1815 1140 1882 defensare
1159 1831 1210 1880 as·

96 1931 302 2012 sumpserunt
316 1926 611 2012 proprijsipsornm
629 1926 799 1992 laboribus
816 1931 848 1991 et
858 1923 1024 2007 expensis.
1042 1923 1085 1988 Vt
1101 1929 1210 1989 autem

96 2036 196 2102 series
212 2035 316 2121 ipsius
339 2034 576 2100 inuiolabiliter
601 2033 706 2117 possit
721 2051 924 2118 permanere,
950 2039 1063 2117 partes
1078 2050 1139 2098 nos
1154 2030 1208 2096 in-

97 2148 220 2211 stanter
234 2148 451 2227 rogauerunt‚
478 2149 513 2208 ut
528 2147 639 2208 nostro
655 2139 828 2226 priuilegio
844 2140 1007 2226 premissa
1025 2138 1210 2206 intendere·

97 2273 164 2320 mns
182 2251 386 2320 confirmare.
400 2251 579 2337 Nosigitur
594 2251 679 2318 iuste
696 2251 851 2337 peticioni
866 2251 1011 2338 pareinm
1027 2256 1227 2318 annuentes·

98 2380 196 2430 eausa
213 2361 345 2430 iustieie
361 2360 472 2426 omnia
487 2362 650 2446 premissa
675 2359 862 2443 redegimus
887 2361 1091 2445 inscriptum
1107 2365 1140 2424 et
1154 2379 1210 2445 ap-

97 2471 264 2557 posieione
279 2469 456 2556 pendentis
477 2467 579 2552 sigilli
604 2467 708 2534 nostri
733 2467 886 2536 duximus
911 2467 1130 2536 oonfirmanda
1153 2487 1211 2552 pro
1269 2479 1274 2486 “

96 2577 141 2646 rei
155 2578 316 2646 memoria
331 2581 540 2662 sempiterna,
559 2582 592 2642 et
606 2576 841 2644 inuiolabiliter
857 2575 1075 2644 obseruanda.
1092 2578 1212 2642 Datum

97 2688 229 2755 infesto
246 2687 438 2754 Natiuitatis
453 2685 546 2752 Beati
570 2685 734 2753 Johannis
749 2683 898 2770 Baptista
914 2705 999 2752 anno
1017 2685 1147 2752 Domini
1161 2685 1211 2751 Μ0

97 2797 164 2865 00⁰
173 2795 388 2880 nonagesimo
399 2795 524 2878 quinto.
536 2794 678 2860 Domino
688 2794 856 2862 Demetrio
867 2793 1047 2877 Preposito,
1056 2792 1211 2862 Johanka

96 2905 250 2987 Laetore,
280 2904 473 2972 chanadino
499 2901 641 2970 cantore
666 2908 698 2968 et
723 2901 865 2971 Martino
882 2902 1027 2970 Custode
1050 2900 1211 2986 magistris

95 3014 244 3082 lloelesie
259 3021 370 3082 nostre
391 3011 618 3080 existentibus.

294 3209 440 3280 (Eredetie
453 3227 472 3266 a
484 3226 526 3280 gr.
540 3205 661 3279 Karolyi
675 3204 775 3264 esalad
788 3173 1008 3277 leveltartban.)

536 3494 787 3506 *w
