3188 5238
607 995 660 1062 ts.

76 1205 165 1274 VIII.
183 1205 343 1294 Bouifdcz
352 1212 445 1294 pcipe
473 1209 589 1273 Milelo‘c
604 1209 872 1296 sackesfeberutird
886 1211 1062 1274 lanceatos
1083 1211 1191 1275 ldtazd-

71 1315 156 1398 lopos
181 1312 477 1400 azabdlytaloasdpu
504 1313 569 1378 atel
578 1313 781 1401 felmcutce'a,
799 1318 985 1406 meqocqedi,
1007 1320 1085 1406 bopy
1093 1323 1189 1406 juva·

334 1454 336 1458 ¹
381 1423 503 1490 dulcuit
517 1424 753 1511 moptartbosso.
779 1427 876 1520 1295.

171 1656 362 1725 Bonilacius
379 1659 563 1744 Episcopus
588 1679 704 1728 seruus
721 1679 885 1727 seruorum
904 1661 965 1727 Dei
982 1662 1101 1729 dilecto
1116 1661 1183 1730 filio

68 1765 205 1832 Nicolao
221 1767 375 1850 Ungaro,
394 1768 558 1833 canonico
582 1767 734 1835 Ecclesie
755 1769 908 1837 Albensis
933 1769 1186 1856 vesprimiensis

70 1874 216 1941 Diooesis
233 1876 374 1942 salutem
390 1881 423 1941 et
438 1877 664 1962 Apostolicam
680 1877 954 1946 benedictionem.
971 1878 1185 1967 Benignepc-

70 1985 200 2052 titiones
216 1985 295 2052 illas
312 1983 452 2052 libenter
468 1985 692 2067 admittimus,
720 2003 782 2068 que
799 1985 844 2051 ad
859 1986 1002 2068 quietem
1019 2005 1188 2071 corporum

71 2103 100 2160 et
115 2095 256 2160 salutern
273 2093 437 2178 pertinent
462 2092 654 2160 animarum.
673 2093 760 2160 Sane
780 2093 895 2178 petitio
913 2100 970 2160 tua
986 2094 1081 2163 nobis
1098 2096 1189 2162 exhi·

71 2201 132 2268 bita
145 2201 347 2288 continebat,
360 2191 447 2286 quod
465 2221 536 2268 cum
547 2203 624 2267 olim
635 2202 775 2285 quedam
801 2202 927 2289 mulier,
944 2204 1046 2268 vitam
1062 2203 1187 2298 ducens

70 2311 195 2396 publice
213 2312 418 2400 dissolutam,
429 2309 593 2379 diabolico
610 2311 725 2395 spiritu
742 2317 916 2397 concitata,
930 2319 963 2380 te
978 2314 1183 2404 apndbonos

20 2441 25 2464 =
73 2428 235 2506 etgraves
251 2440 349 2506 super
368 2419 506 2486 diversis
524 2419 724 2506 criminibus,
736 2419 854 2502 quibus
871 2427 904 2486 te
920 2419 1081 2488 irretitum
1098 2441 1185 2489 men·

72 2529 190 2598 daciter
217 2530 410 2616 asserebat,
437 2528 559 2616 pluries
588 2527 812 2614 diffamasset;
838 2529 971 2598 tandem
998 2551 1068 2596 curn
1095 2530 1185 2596 dicta
1310 2563 1312 2566 .

75 2641 181 2708 mulier
197 2639 397 2710 contratein
408 2639 640 2706 contumeliosa
653 2645 687 2704 et
697 2639 913 2723 obprobriose
928 2641 1031 2707 verba
1041 2633 1185 2724 prorum·

73 2753 169 2834 peret,
186 2754 222 2814 et
237 2769 258 2814 a
281 2754 313 2814 te
329 2747 452 2832 pluries
470 2744 642 2813 caritative
658 2744 790 2829 monita,
801 2799 802 2802 ,
812 2751 847 2810 ut
862 2749 904 2814 ab
920 2745 984 2812 hiis
1001 2747 1187 2829 desisteret,

73 2871 107 2916 ac
121 2854 156 2921 id
176 2855 288 2922 lacere
314 2874 379 2920 non
399 2853 553 2936 deberet,
571 2852 705 2936 quidam
722 2852 820 2916 amici
835 2853 892 2938 tui,
909 2859 1113 2938 nequeuntes
1128 2850 1185 2917 hu-

72 2960 203 3030 iusmodi
220 2963 324 3048 ipsius
341 2960 487 3026 mulieris
505 2960 738 3042 loquacitatem
755 2967 788 3026 et
800 2961 976 3044 nequitiam
988 2961 1185 3046 substinere,

73 3067 169 3154 ipsam
180 3072 215 3140 in
226 3071 323 3138 dorso
340 3070 466 3154 absque
483 3069 654 3154 sanguinis
673 3067 830 3136 effusione
850 3071 903 3135 vel
913 3069 1074 3137 fractione
1088 3090 1186 3136 mem-

73 3176 201 3264 brorum,
218 3186 252 3246 te
268 3184 431 3266 presente,
449 3185 642 3246 nontamen
658 3177 914 3261 contradicente,
932 3196 1005 3242 cum
1019 3177 1140 3245 baculo
1152 3185 1186 3244 et

73 3283 221 3370 fustibus,
247 3288 376 3358 levibus
393 3294 503 3358 tamen
530 3295 563 3354 et
587 3287 782 3369 subtilibus,
810 3288 1029 3354 verberarunt.
1063 3287 1182 3355 Verum

75 3395 143 3476 qnia
157 3399 274 3466 mulier
289 3399 362 3486 ipsa
386 3407 463 3486 post
477 3397 639 3464 modicum
656 3401 812 3484 temporis
829 3397 972 3482 spatium
992 3396 1184 3482 exspiravit,

74 3505 280 3588 indubitans,
296 3527 338 3574 ne
347 3515 481 3593 propter
498 3508 707 3580 occasionem,
720 3505 894 3572 verberum
911 3505 976 3572 sibi
989 3506 1099 3573 taliter
1113 3506 1184 3572 illa·

76 3617 168 3680 torum
184 3616 310 3700 obiret,
336 3623 369 3684 et
394 3633 435 3680 cx
450 3612 512 3679 hoc
538 3615 663 3683 habens
685 3613 918 3682 conscientiam
935 3611 1183 3700 remordentem,

76 3722 159 3789 nobis
173 3725 340 3792 humiliter
355 3723 561 3809 supplicasti,
574 3731 609 3790 ut
625 3725 711 3790 circa
727 3723 943 3790 retentionem
965 3723 1184 3792 canonicatus

77 3836 104 3895 et
116 3832 297 3920 prebende,
323 3851 404 3916 quos
429 3832 463 3898 in
481 3831 630 3916 predicta
656 3831 806 3899 Ecclesia
823 3831 959 3900 Albensi
976 3831 1125 3900 obtinere
1149 3839 1182 3898 te

77 3941 195 4029 asseris,
215 3940 390 4028 providere
404 3939 463 4006 tibi
480 3960 538 4024 per
554 3945 710 4028 oportune
730 3939 987 4026 dispensationis
1004 3937 1180 4006 remedium

79 4063 113 4112 er
126 4048 326 4137 benignitate
353 4050 546 4134 Apostolioa
572 4046 789 4142 dignaremur.
815 4050 884 4116 Nos
901 4049 1013 4132 itaque
1028 4049 1092 4115 tuis
1109 4066 1182 4132 sup-

79 4155 294 4238 plicationibus
324 4159 491 4240 inclinati,
528 4158 629 4241 quieti
653 4165 709 4225 tue
740 4158 772 4224 in
798 4157 861 4224 hac
888 4164 980 4241 parte
1011 4157 1182 4241 prouidere

79 4263 232 4350 volentes,
258 4275 383 4350 tecum,
420 4266 507 4348 quod
531 4266 702 4350 premissis
737 4285 946 4349 nequaquam
977 4263 1181 4334 obstantibus

81 4371 228 4453 predictos
260 4359 497 4444 canonicatum
523 4381 555 4440 et
586 4371 786 4460 prebendam
817 4372 906 4440 licite
936 4370 1076 4439 retinere
1106 4392 1181 4459 pos·

82 4477 136 4564 sis,
165 4483 359 4552 auctoritate
390 4483 590 4568 presentium
622 4483 861 4566 dispensamus.
894 4481 984 4547 Nulli
1012 4501 1091 4566 ergo
1119 4487 1181 4550 etc.

80 4594 174 4658 nostre
213 4591 470 4678 dispensationis
500 4598 560 4660 etc.
609 4590 726 4657 Datum
760 4592 859 4658 Rome
899 4589 987 4674 apud
1025 4590 1178 4658 Sanctum
