3188 5238
596 357 753 462 L
877 333 883 342 .

111 581 198 649 mus,
215 560 410 630 donauimus
426 559 665 630 etcontnlimus
683 553 854 627 Herbordo
866 561 898 624 et
917 555 1069 624 fratribus
1085 556 1157 624 suis
1167 571 1234 622 me·

110 671 272 755 moratis,
290 677 322 736 et
339 690 448 740 eorum
464 668 660 752 heredibus,
683 667 903 750 heredumque
920 684 1051 733 suorum
1067 683 1234 733 successo·

90 795 93 804 ⁴
112 779 228 866 ribus,
245 781 315 848 iure
331 785 488 864 perpetuo
514 786 546 845 ot
561 776 822 846 irreuooabiliter
844 773 982 860 pacifice
997 771 1233 858 possidendam

111 887 363 971 ethabendam‚
383 884 554 956 submotis
571 885 713 972 antiquis
729 892 761 951 et
773 882 940 970 prioribus
963 879 1231 950 distinccionibus

110 997 335 1066 terminorum.
360 999 408 1062 Vt
424 994 522 1079 igitur
546 993 645 1062 buius
661 1001 771 1064 nostre
794 989 986 1062 donacionis
1001 1008 1060 1061 seu
1075 987 1230 1058 collacio-

110 1107 167 1172 nis
186 1105 288 1172 series
304 1105 402 1172 robur
432 1105 578 1174 obtineat
593 1110 752 1190 perpetue
767 1101 948 1183 firmitatis,
973 1103 1143 1184 presentes
1161 1117 1233 1166 eon-
1270 1176 1279 1182 .

111 1215 275 1281 cessimus
292 1215 419 1282 litteras
437 1213 601 1301 dupplieis
619 1212 719 1296 sigilli
735 1209 837 1279 nostri
860 1211 1035 1278 munimine
1050 1205 1235 1274 roboratas.

110 1324 238 1390 Datum
253 1340 313 1406 per
339 1339 454 1390 manus
480 1319 612 1386 discreti
638 1320 699 1388 viri
721 1318 870 1404 magistri
894 1313 1058 1386 Theodori
1083 1313 1235 1382 Albensis

111 1429 265 1498 Ecclesie
281 1429 462 1514 Prepesiti‚
489 1429 565 1498 aule
581 1435 691 1496 nostre
708 1423 1001 1510 Vico-Cancellarij
1019 1422 1132 1490 dilecti
1148 1427 1182 1490 et
1197 1422 1232 1490 n-

111 1539 203 1607 delis
220 1537 324 1607 nostri
340 1557 426 1606 auno
444 1537 574 1606 Domini
591 1535 642 1604 Μο
658 1534 728 1604 00⁰
742 1535 954 1621 nonagesimo
971 1532 1083 1602 tercio.

112 1735 264 1794 OEredetie
283 1753 300 1790 a
319 1733 386 1806 grdf
405 1732 507 1790 Telclri
529 1733 627 1791 osaldd
647 1730 880 1807 magyarorsndgi
901 1727 1016 1802 dganalr
1036 1725 1236 1786 levdltdraban

483 1823 638 1898 Gybmrb'n.
657 1818 873 1892 samardacos.)

558 2107 809 2120 ——u———u—-n-
845 2115 846 2118 ,

651 2688 709 2754 50.
784 2751 787 2758 .

114 2883 171 2953 50.
188 2881 255 2952 ΙΙΙ.
271 2883 379 2950 Eodre
395 2882 501 2971 biroly
521 2881 623 2950 Gitoni
641 2885 813 2950 Istodonok
829 2885 937 2950 Karero
952 2887 1033 2950 creuit
1039 2884 1146 2970 scilciet
1163 2883 1238 2950 odo·

527 2997 705 3080 mdoyoaza.
730 2995 827 3058 1293.
972 3005 983 3019 '

227 3192 378 3260 Andreas
388 3191 452 3260 Dei
462 3191 574 3275 gracia
584 3193 762 3278 Hungariq
774 3191 954 3269 Dalmacie,
966 3190 1113 3276 Oroacie,
1123 3191 1238 3275 Ranae,

117 3299 247 3382 Seruio,
259 3300 398 3367 Gallieie
408 3298 611 3386 Lodomerie,
627 3299 795 3387 Cumanie,
806 3301 1025 3386 Bulgarieqne
1035 3300 1117 3380 Rex,
1134 3299 1236 3366 omui·

116 3410 182 3474 bus
198 3405 321 3474 Christi
336 3407 485 3475 fidelibus
502 3415 672 3492 presentes
688 3410 816 3477 litteras
832 3409 1029 3492 inspecturis
1046 3407 1186 3476 salutem
1203 3405 1236 3470 in

23 3536 26 3540 ·
117 3511 238 3580 salutis
254 3511 417 3598 largitore.
435 3513 485 3579 Ad
502 3515 563 3582 boc
579 3535 640 3583 nos
655 3518 745 3583 Deus
761 3515 795 3582 in
811 3514 961 3600 apicibus
987 3515 1121 3600 Regalis
1137 3511 1238 3582 Celsi·

116 3619 245 3686 tudinis
261 3620 364 3686 erexit
376 3629 408 3688 et
424 3621 544 3700 euenit,
557 3628 593 3688 ut
608 3623 716 3688 metiri
730 3621 885 3690 debemus
897 3623 1011 3690 merita
1026 3623 1237 3708 singulorum,

121 3736 157 3793 et
173 3728 388 3794 licetmanum
407 3727 588 3795 munificam
604 3731 771 3816 porrigere
782 3730 960 3797 debeamus
970 3729 1143 3812 rniuersis,
1161 3729 1234 3795 illos

120 3845 235 3904 tamen
251 3839 324 3922 plus
336 3859 393 3924 pre
405 3840 520 3906 ceteris
532 3840 685 3926 prosequi
696 3839 851 3906 debemus
863 3840 1050 3907 muneribus
1060 3838 1236 3921 donatiuis,

123 3947 181 4030 qui
197 3946 340 4030 Regibus
356 3947 488 4014 sedulos
514 3947 667 4014 exhibent
682 3949 869 4016 famulatus.
886 3948 1028 4015 Proinde
1044 3947 1086 4012 ad
1103 3947 1235 4014 uniuer-

118 4075 232 4123 sorum
242 4056 398 4122 notioiam
413 4057 527 4122 harum
543 4056 626 4122 serie
638 4059 786 4125 uolumus
797 4057 982 4142 peruenire,
993 4055 1080 4138 quod
1097 4053 1236 4141 Stepha-

118 4183 183 4231 nns
198 4161 284 4228 filius
295 4163 418 4230 Mathai
437 4163 478 4230 de
498 4164 599 4248 dhan,
620 4169 763 4231 nostram
774 4165 890 4233 adiens
902 4164 1121 4250 presenciam,
1135 4183 1234 4246 quan·

120 4269 196 4336 dam
214 4274 334 4336 terram
351 4269 451 4336 castri
467 4271 567 4336 nostri
584 4269 627 4336 de
644 4270 758 4337 Zonuk
774 4272 893 4338 Kerew
917 4278 1067 4339 uocatam
1095 4293 1115 4338 a
1143 4271 1239 4338 nobis

122 4379 224 4462 peciit
240 4379 305 4446 sibi
320 4377 411 4465 dari;
427 4398 538 4446 verum
565 4377 641 4464 quia
666 4379 708 4445 de
725 4380 884 4462 qualitate
901 4388 933 4447 et
949 4371 1135 4462 quantitate
1150 4381 1239 4447 dicte

117 4493 214 4572 terre,
232 4492 265 4552 et
282 4495 385 4554 utrum
405 4487 449 4554 ad
459 4495 602 4554 nostram
620 4487 834 4554 collacionem
849 4489 1027 4575 pertineret
1042 4509 1102 4556 nec
1119 4510 1171 4574 ne,
1183 4511 1239 4558 no·

122 4594 174 4662 bis
190 4591 316 4658 ueritas
332 4611 397 4658 uon
415 4593 597 4675 constabat,
614 4591 763 4660 fidelibus
780 4593 898 4660 nostris
916 4595 1067 4680 Capitulo
1085 4597 1239 4665 Albensis

121 4701 275 4772 Ecclesia
300 4699 541 4770 Traunsiloane
566 4701 684 4770 uostris
701 4701 848 4770 dedimus
875 4703 992 4771 litteris
1008 4704 1042 4770 in
1067 4705 1238 4792 mandatis,
