3166 5238
864 336 1020 444 „jn—

388 538 519 606 nebitur
536 539 642 622 ipsum
659 537 816 606 comitem
833 539 962 608 Petrum
983 536 1137 623 expedire
1165 535 1307 620 proprijs
1333 533 1498 600 laboribus

389 657 421 715 et
438 651 601 730 expensis.
627 651 666 716 In
684 648 774 714 ouius
790 649 837 716 rei
853 648 1040 716 memoriam
1058 651 1226 731 presentes
1251 643 1404 710 dedimus
1420 641 1497 705 litte·

387 776 443 823 res
459 757 559 841 sigilli
584 757 688 824 nostri
712 757 888 824 munimine
905 758 1088 838 roboratas,
1114 773 1200 820 anno
1224 751 1355 818 Domini
1372 750 1421 816 lt⁰
1437 748 1499 817 00⁰

389 862 602 948 nonagesimo
625 863 773 949 septimo.
801 863 923 932 Datum
943 861 995 930 die
1012 862 1184 945 Dominjno
1211 865 1284 943 post
1311 855 1498 928 Conuersio-

388 989 461 1038 nem
477 971 570 1039 Beati
587 971 683 1058 Paulj
703 973 863 1058 Apostoli.

816 1135 1085 1203 Alto.

390 1327 542 1400 (Hdrtydn.
555 1329 582 1386 A
595 1331 682 1386 sorok
695 1327 851 1405 regnarat
865 1328 1070 1399 elmosddvdk3
1086 1327 1166 1385 azert
1179 1325 1296 1396 ezdrjel
1308 1327 1390 1382 kozti
1405 1324 1436 1380 ds
1445 1321 1502 1378 he'r-

390 1420 507 1506 db'jellel
520 1421 634 1478 ellttott
647 1421 801 1479 szsvnludrt
819 1422 865 1494 jot
877 1439 943 1478 nem
956 1421 1043 1477 thol.
1067 1419 1094 1474 A
1113 1417 1178 1491 mdg
1192 1417 1227 1488 dp
1240 1415 1343 1488 penset
1354 1413 1503 1470 vdrliszdld

390 1511 519 1583 selymen
531 1510 609 1586 sugg.
624 1511 908 1585 Pousonyhatptalsni
921 1511 1060 1584 orsudgos
1074 1508 1205 1567 leueltdr.
1226 1507 1322 1579 Capsa
1335 1505 1412 1560 XIV.
1426 1506 1504 1561 Fano,

806 1604 832 1658 8.
844 1601 912 1660 Nro.
925 1604 950 1658 8.
970 1600 1085 1671 Konna.)

815 1900 839 1908 ιι,-
859 1899 1069 1908 ’.ψ-...ψ-

916 2428 988 2497 lid.

389 2629 419 2692 Α
435 2631 557 2716 tihonyo'
566 2629 699 2694 konuaot
714 2627 987 2714 biaonysdpleoele,
1000 2626 1078 2712 hopy
1095 2626 1194 2705 Meet,
1210 2627 1331 2711 epyhor
1354 2627 1390 2690 V.
1406 2630 1508 2692 teudo

388 2739 494 2824 tiuoty
518 2743 737 2824 ononymtoeso,
753 2738 934 2823 zorbandnyi
950 2735 1087 2800 birtotdt
1105 2758 1126 2798 a
1143 2736 1312 2822 hesepe-dmi
1333 2734 1510 2820 apyhdanbh

776 2845 996 2932 falajdadotta.
1015 2844 1112 2907 1297.

496 3043 563 3110 Nos
575 3044 762 3110 Conuentus
772 3042 963 3126 Monasterij
973 3039 1185 3108 Tikoniensis
1203 3037 1433 3126 significamus
1448 3038 1509 3122 qui-

390 3152 450 3218 bus
467 3150 597 3235 expedit
612 3155 723 3216 tenore
740 3149 944 3235 presentium
961 3148 1135 3233 uniuersis,
1152 3151 1242 3231 quod
1258 3149 1412 3218 Matheus
1430 3149 1509 3215 auri·
1580 3162 1581 3165 ’

389 3258 483 3326 faber
500 3259 661 3340 quondam
679 3256 800 3324 domiui
817 3258 976 3342 Stephani
992 3257 1092 3342 Regis
1110 3255 1291 3343 Hungarie,
1310 3257 1355 3324 ad
1369 3265 1509 3324 nostram

389 3365 604 3452 personaliter
620 3365 782 3434 ancedeus
807 3365 1027 3450 presenciam,
1054 3364 1226 3433 confessus
1253 3366 1366 3432 extitit
1384 3365 1509 3432 oraoulo

391 3473 467 3539 uiue
483 3475 584 3550 vonis,
598 3473 686 3555 quod
702 3475 775 3556 ipse
789 3479 891 3539 totam
908 3473 1205 3555 possessiouariam
1221 3473 1415 3558 porcionem
1426 3491 1510 3538 suam

390 3580 424 3646 in
441 3579 609 3664 Zarberyn
624 3581 782 3664 habitam,
799 3598 893 3662 quam
912 3599 953 3646 ex
977 3580 1160 3648 oollaoione
1176 3581 1282 3665 ipsius
1299 3581 1425 3650 domini
1442 3582 1511 3648 Ste-

391 3686 494 3771 phani
508 3687 607 3770 Regis
625 3687 815 3773 habuisset,
842 3707 905 3770 que
931 3687 1092 3768 quondam
1111 3691 1302 3758 Salomonis
1325 3691 1388 3757 filii
1405 3687 1511 3770 talou,

392 3793 554 3876 quondam
570 3792 690 3862 nobilis
706 3793 748 3862 de
764 3793 837 3878 ipsa
852 3795 932 3862 villa
953 3795 1134 3883 Zauberyn,
1144 3797 1288 3866 hominis
1306 3798 1380 3866 sine
1398 3793 1510 3864 herede

391 3899 590 3982 decedentis,
609 3900 734 3982 fuisset,
746 3921 819 3970 oum
834 3903 983 3970 omnibus
999 3904 1068 3970 suis
1085 3905 1298 3992 utilitatibus,
1315 3907 1417 3974 terris
1434 3901 1511 3972 soili-

391 4015 443 4076 eet
458 4008 648 4090 arabilibus,
665 4010 876 4094 sessionibus,
886 4011 1007 4094 eineis,
1032 4013 1163 4098 tenetis,
1179 4013 1299 4102 syluis,
1315 4015 1509 4095 nemoribus,

393 4121 425 4180 et
440 4115 514 4182 aliis
532 4112 727 4197 quibuslibet
744 4117 969 4204 pertineneiis,
984 4120 1079 4188 iuxta
1095 4121 1278 4206 legitimam
1301 4123 1510 4191 statnoionem

391 4239 450 4305 per
465 4221 630 4288 hominem
646 4223 782 4305 Regium
794 4227 1054 4294 attestimonium
1071 4229 1263 4298 conuentus
1273 4229 1510 4298 Oruoifemmm

392 4327 434 4394 de
449 4327 536 4394 Alba
553 4329 614 4395 sibi
632 4329 766 4414 factam,
778 4332 1023 4414 etpostmodum
1039 4354 1098 4418 per
1115 4336 1256 4404 eundem
1271 4337 1444 4406 dominum
1460 4336 1511 4401 Re·

392 4451 467 4518 gem
484 4434 700 4504 mediantibus
710 4437 970 4523 priuilegialibus
980 4441 1098 4508 litteris
1116 4445 1185 4510 suis
1203 4445 1447 4529 confirmatam,
1461 4459 1511 4528 pro

392 4539 534 4606 remedio
548 4546 654 4609 anime
665 4562 726 4610 sue
742 4551 775 4610 et
786 4547 1002 4617 auxiliatione
1023 4551 1302 4623 BeatiMiohaelis
1314 4549 1511 4638 Arahaugeli

396 4647 545 4714 Eonlesie
561 4656 592 4714 et
608 4651 758 4734 capitulo
782 4654 929 4724 eiusdem
944 4660 1040 4726 Beati
1058 4659 1235 4730 Miehaelis
1254 4663 1296 4730 de
1316 4661 1510 4749 Wesprimio
