3166 5238
601 1003 679 1074 tte.

72 1205 122 1270 Az
138 1205 322 1294 caterpami
336 1202 491 1293 coptam
507 1199 779 1290 bizeoysdylceelc‚
795 1200 875 1288 copy
891 1201 1051 1288 Koarech
1065 1197 1200 1286 helpeep-

118 1315 178 1380 ben
193 1314 276 1382 hirei
297 1314 527 1382 heterozeteele
535 1310 669 1400 feiytde
685 1312 870 1400 ketdrjdreie
887 1319 1039 1377 tertetett.
1059 1311 1156 1376 1298.

475 1509 872 1579 Aee.-

184 1673 448 1762 NosGepitelum
459 1635 616 1743 Ecclesie
627 1671 864 1760 Strigeniensis
874 1672 1030 1742 memorie
1042 1691 1202 1742 cemmen-

72 1781 196 1852 dcntes
215 1783 439 1870 significemus
455 1781 574 1868 quibes
589 1781 724 1868 expedit
739 1780 901 1850 universis
918 1781 1124 1869 presencium
1143 1801 1202 1866 per

72 1899 235 1978 tenorem,
252 1892 426 1977 quodcum
441 1891 535 1959 inxte
550 1889 793 1959 continenciam
809 1888 992 1958 litterarum
1007 1890 1127 1958 nobilis
1140 1890 1203 1960 viri

71 2003 214 2071 Comitis
223 2001 396 2072 Benedicti
405 2000 638 2072 Wiee-Jediois
655 1999 754 2068 Oenie
770 2000 894 2068 demini
906 2000 1008 2086 Regis
1024 2001 1059 2069 in
1075 2001 1203 2069 ceteris

73 2112 178 2198 medij
195 2115 321 2182 XL=me
336 2111 495 2198 magister
504 2111 656 2182 Andreas
671 2109 758 2178 filins
773 2108 903 2179 Nicolei
917 2108 960 2175 de
975 2108 1069 2198 zyud
1084 2109 1128 2177 cb
1138 2128 1205 2178 vne

73 2227 185 2306 parte,
201 2221 373 2291 Paznenes
390 2225 424 2288 et
439 2222 596 2290 Nicolaes
612 2219 730 2290 (tomes
747 2219 790 2287 dc
806 2217 991 2303 chalamie,
1007 2218 1099 2286 Beke
1116 2217 1203 2286 tilius

75 2327 228 2396 eiusdem
252 2328 390 2398 Comitis
415 2328 546 2398 Nicelci
571 2349 631 2416 pre
655 2349 691 2396 se
708 2335 741 2396 et
755 2348 816 2414 pre
833 2327 991 2396 Lndislae
1014 2327 1116 2395 fratre
1132 2347 1205 2412 suo,

75 2437 217 2508 Alexins
241 2437 327 2507 filins
343 2436 514 2525 Felieieni,
530 2445 563 2506 et
587 2437 757 2508 iohannes
782 2436 869 2504 filins
894 2437 1069 2506 Laureneii
1085 2436 1128 2504 de
1152 2457 1205 2504 ee·

77 2547 175 2632 dem,
203 2544 414 2630 presentibus
435 2544 634 2632 testimeniJs
660 2543 838 2612 nostriset
864 2543 993 2612 dnobus
1019 2541 1206 2614 hominibus

77 2653 204 2724 demini
221 2653 323 2741 Regis
340 2673 438 2740 seper
453 2652 572 2724 faeiem
588 2659 676 2720 terre
696 2652 907 2722 contencione
922 2655 1075 2738 Koarneg
1089 2662 1207 2722 vocate

77 2765 301 2850 personaliter
317 2763 477 2833 accedere
499 2763 710 2850 debuissent;
727 2761 982 2832 advenientibus
998 2763 1109 2846 itaque
1124 2762 1206 2849 ipsis

79 2875 211 2940 octavis
227 2873 329 2959 medij
347 2872 485 2957 XLme,
496 2872 657 2958 magister
673 2872 834 2955 Andreas,
850 2865 994 2938 vnae'nm
1004 2869 1129 2938 Gemite
1146 2872 1207 2938 Bu·

77 2982 150 3067 gud
167 2980 299 3048 homine
315 2981 440 3060 demini
451 2981 552 3064 Regis
562 2987 596 3048 et
613 2979 802 3050 testimonio
816 2985 943 3063 nostro,
961 2978 1120 3064 videlieet
1136 2981 1207 3048 (ite-

78 3097 190 3157 mente
215 3091 390 3159 secerdote
415 3090 459 3157 de
483 3091 672 3159 Kemenche
696 3091 740 3157 ab
757 3109 824 3158 vna
839 3095 957 3175 perte,
985 3090 1159 3158 Pennenus
1176 3099 1209 3158 et

78 3201 241 3298 Nioelens
268 3201 387 3268 Comes
415 3199 457 3267 de
474 3197 669 3286 chalamie,
694 3199 786 3266 Beke
801 3199 888 3266 filins
903 3198 1049 3266 eiusdem
1066 3198 1208 3279 Nieelei,

80 3329 142 3394 pro
158 3329 196 3374 sc
213 3316 247 3375 et
260 3329 321 3395 pre
337 3306 494 3378 Ledisleo
519 3311 619 3377 fratre
635 3328 706 3396 sne,
723 3311 861 3377 Alexins
884 3305 971 3374 filius
987 3307 1159 3392 Felicieni,
1177 3317 1210 3376 et

80 3415 256 3484 Jehannes
266 3417 353 3486 filies
372 3417 545 3487 Laureneii
557 3419 599 3486 de
615 3417 731 3486 eadem
746 3437 886 3487 vnecum
897 3416 1025 3485 Gemite
1041 3417 1209 3503 Stephano

79 3524 151 3591 filio
167 3525 242 3594 Aba
256 3526 297 3594 de
312 3525 486 3613 Zelethne,
510 3523 662 3595 similiter
677 3525 809 3595 homine
824 3523 948 3593 demini
969 3526 1079 3611 Regis,
1096 3531 1131 3592 et
1145 3525 1210 3594 Do·

81 3632 206 3699 minine
222 3633 393 3703 secerdote
409 3635 451 3702 de
476 3637 618 3724 Nyenye
634 3634 824 3704 testimonio
840 3641 952 3702 nostre
979 3654 1021 3702 ex
1037 3636 1154 3715 altera,
1170 3636 1212 3702 si-

83 3746 140 3806 eut
156 3738 268 3808 eedem
282 3749 395 3828 partes
410 3751 443 3810 et
467 3742 614 3812 hemines
631 3744 755 3812 demini
771 3745 872 3830 Regis
888 3751 923 3810 et
948 3741 1139 3810 testimonie
1154 3763 1210 3809 ne·

83 3856 158 3918 stre
184 3847 227 3916 ad
251 3855 395 3918 nestram
423 3853 630 3937 presenciam
655 3855 876 3938 personaliter
896 3853 1099 3920 accedentes
1117 3851 1211 3918 nobis

83 3958 294 4028 concorditer
316 3959 514 4046 recitarunt,
541 3961 585 4030 eri
608 3960 792 4046 predictam
817 3967 939 4030 terrem
966 3960 1212 4029 contenciosam

83 4068 242 4155 Kearzeg
252 4069 449 4138 aecedentes
459 4069 723 4139 reembnlessent
738 4071 879 4138 eandem
896 4071 992 4138 inxte
1006 4078 1137 4138 ueteres
1147 4088 1212 4135 me-

82 4185 137 4245 tes
147 4185 181 4247 et
191 4176 353 4264 antiquos,
364 4180 457 4247 iuxta
467 4179 605 4248 formem
615 4179 782 4265 privilegii
793 4179 919 4246 domini
930 4178 1030 4264 Regis
1039 4178 1119 4246 Bele
1129 4177 1214 4246 inibi

84 4306 145 4370 per
160 4287 352 4372 magistrum
370 4285 537 4356 Andreem
555 4287 715 4366 exhibiti,
732 4296 830 4373 prout
846 4290 879 4355 in
896 4286 1011 4356 eodem
1035 4286 1212 4374 privilegio

91 4393 174 4460 Bele
185 4395 396 4481 Regiesnper
412 4395 585 4482 ipseterra
595 4393 882 4482 Koerzegeeeeta
894 4394 1043 4462 consecto
1054 4394 1216 4462 uidissent

84 4501 306 4574 limiteeiones
321 4512 355 4572 et
369 4503 526 4573 terminos
542 4505 721 4573 earundem
738 4510 898 4572 motorum
916 4501 1098 4585 contineri,
1118 4509 1215 4587 prout

88 4631 204 4682 eureus
220 4621 380 4684 meterem
395 4613 430 4682 in
445 4612 593 4701 predicto
609 4613 811 4696 transcripte
833 4609 1001 4698 priuilegii
1017 4609 1140 4678 demini
1156 4611 1215 4676 Re·

84 4719 136 4808 gis
160 4724 243 4790 Bele
270 4725 333 4791 seb
364 4721 475 4809 sigillo
500 4720 658 4808 pendenti
684 4721 830 4809 Capituli
857 4719 1042 4788 Weciensrs
1075 4718 1215 4785 uidimus

138 4849 243 4892 uenere
253 4847 566 4891 sesemen-omnm.
1012 4827 1055 4891 13
