3188 5238
70 1209 121 1274 ΙΙΙ.
138 1205 242 1272 aare
256 1165 364 1295 kirdly
379 1178 556 1292 meqorlialli
571 1229 591 1268 a
601 1205 756 1292 poascnyo'
766 1203 925 1291 polpdrolt
943 1206 1089 1270 raumara
1106 1203 1165 1270 IV.

106 1315 274 1382 Loiszldnak
289 1314 643 1401 saeptolrooooattozo
657 1312 794 1378 1288-Ιοί
808 1311 1007 1400 adcmdnprit.
1024 1314 1122 1378 1292.

160 1513 310 1581 Andreas
326 1513 389 1579 Dei
404 1512 519 1598 gracia
529 1512 684 1598 Vugarie,
700 1511 883 1595 Dalmatia,
894 1510 1044 1597 Oroacie,
1054 1511 1169 1595 Rame,

70 1621 189 1705 Seruio,
215 1621 377 1707 Gallicis,
404 1619 618 1705 benemoria,
644 1619 822 1703 (inmania,
847 1620 1067 1706 Bulgarieqne
1087 1620 1168 1704 Rex,

71 1731 206 1797 omnibns
223 1728 345 1797 Christi
361 1727 512 1796 fidelibus
522 1715 699 1816 'presentes
726 1730 854 1796 litteras
870 1727 1067 1814 inspecturis
1084 1727 1170 1795 saln-

69 1844 125 1904 tem
147 1839 178 1904 in
195 1838 335 1907 Domino
361 1835 604 1924 sempiternam.
629 1834 680 1902 Ad
705 1837 931 1903 uniuersorum
956 1835 1110 1902 noticiam
1125 1841 1171 1902 te·

73 1964 142 2013 nore
165 1947 371 2031 presencium
396 1947 543 2013 volumus
560 1944 749 2030 peruenire,
779 1941 865 2028 quod
893 1945 1001 2012 Judex
1027 1951 1059 2011 et
1083 1945 1172 2012 ciues

69 2051 160 2124 nostri
174 2055 393 2122 Posonienscs
419 2055 462 2120 ad
478 2060 623 2120 nostram
644 2052 835 2122 accedendo
851 2053 1058 2138 presenciam
1084 2053 1173 2119 exhi-

71 2163 198 2230 buerunt
213 2165 310 2234 uobis
325 2165 454 2230 litteras
469 2161 694 2247 priuilegiales
707 2161 828 2228 domini
843 2162 994 2230 Ladialai
1010 2164 1174 2245 quondam

70 2273 322 2361 RegisVugarie‚
340 2272 450 2340 fratris
466 2272 568 2338 nostri
593 2271 779 2359 karissimi,
806 2290 902 2358 super
927 2272 1106 2339 collacione
1122 2293 1176 2338 cu·

71 2383 186 2449 iusdam
211 2383 292 2449 ville
308 2381 434 2470 Zeplal(
458 2387 575 2450 vocate
592 2381 778 2464 coniectas,
803 2388 956 2467 petentes
980 2381 1110 2449 anobis
1127 2382 1174 2446 iu·

72 2495 265 2563 stantissimc
289 2494 524 2580 supplicando,
551 2499 586 2561 vt
601 2511 660 2560 uos
686 2495 778 2577 ipsas¹
800 2493 927 2560 litteras
952 2489 1175 2578 priuilegiales

70 2604 160 2686 Regis
175 2601 324 2670 Ladinlal
349 2607 440 2667 ratas
456 2600 581 2669 habere
598 2607 631 2666 et
647 2607 758 2668 nostro
777 2601 985 2687 dignaremur
1000 2599 1175 2684 priuilegio

71 2711 265 2777 confirmare.
292 2708 436 2788 Quarum
461 2708 591 2791 qnidam
609 2708 790 2777 litterarum
814 2709 1068 2796 priuilegialium
1085 2715 1179 2774 tenor

71 2819 140 2886 talis
159 2825 230 2886 est:

168 2925 347 2994 Ladioloos
363 2924 427 2990 stb.
451 2926 632 3000 (tavernou
647 2931 697 2988 1v.
713 2930 815 2988 assato
831 2932 924 3003 mrory
942 2932 1069 2987 rasa-ui
1085 2932 1180 2988 osma-

71 3059 128 3113 uya,
144 3043 219 3114 moly
235 3038 380 3096 olvashato
397 3038 631 3110 okmsnyotruok
646 3039 695 3096 IV.
712 3039 867 3096 kliteteben
885 3039 958 3094 309.
975 3038 1007 3111 l.)

171 3144 243 3212 Nos
259 3141 359 3227 igitur
375 3140 595 3209 consideratis
612 3140 825 3210 fidelitatibus
845 3147 878 3208 et
891 3141 1099 3209 seruiciorum
1116 3158 1181 3205 mc-

72 3252 136 3318 ritis
151 3253 272 3320 ciuium
289 3258 475 3317 nostrorum
491 3235 721 3333 predictorum,
738 3251 856 3334 quibus
872 3249 973 3336 ijdem
990 3249 1084 3316 nobis
1103 3247 1182 3312 mul·

75 3360 224 3445 tiplicitcr
242 3367 428 3427 meruerunt
441 3339 668 3444 complacerc5
686 3359 764 3441 quia
774 3359 879 3426 eciam
895 3357 1098 3446 inspeximus
1113 3374 1182 3443 pre-

77 3470 175 3537 dictas
200 3468 428 3554 priuilegiales
453 3469 583 3536 litteras
601 3467 698 3552 Regis
715 3467 863 3534 Ladizlai
889 3487 952 3533 nou
969 3466 1183 3545 cancellatas,

75 3597 131 3643 non
148 3579 312 3660 abrasas,
329 3598 393 3642 non
410 3577 572 3652 abolitas,
600 3577 707 3642 necin
726 3575 840 3658 aliqua
856 3579 906 3643 sui
924 3584 1017 3664 parte
1032 3575 1184 3658 violatas,

77 3705 147 3771 ymo
163 3685 281 3771 pocius
306 3684 552 3750 racionabiliter
574 3702 771 3760 emanasse,
797 3683 838 3750 de
855 3685 955 3753 verbo
982 3684 1026 3751 ad
1051 3683 1185 3748 verbum

77 3795 278 3878 presentibus
294 3794 449 3870 insertas,
475 3791 705 3878 approbamus,
731 3794 951 3878 ratificamus,
977 3801 1009 3858 et
1023 3795 1186 3878 presentis

79 3903 184 3988 scripti
201 3901 387 3988 patrocinio
410 3899 656 3983 confirmamus,
685 3900 826 3985 duplicis
845 3901 944 3986 sigilli
970 3899 1072 3968 nostri
1087 3897 1187 3965 muni-

78 4009 158 4076 mine
173 4011 381 4078 roborantes.
408 4009 526 4073 Datum
552 4027 612 4090 per
629 4027 745 4076 manus
772 4009 972 4076 venerabilis
989 4008 1110 4075 domini
1126 4005 1187 4072 Th.

78 4117 229 4182 Albensis
248 4116 397 4182 Ecclesia
415 4113 596 4204 Propositi,
614 4119 689 4184 aule
706 4127 816 4185 nostre
832 4115 1124 4184 Vice-Oancellarii
1142 4115 1189 4180 di-

78 4225 150 4290 lecti
166 4233 199 4293 et
215 4225 325 4292 fidelis
341 4225 465 4308 nostri,
493 4244 578 4289 anno
596 4224 728 4292 Domini
755 4226 806 4292 lll⁰
822 4224 893 4292 00⁰
908 4223 1121 4309 nonagesimo
1139 4245 1188 4290 se-

82 4333 194 4418 cundo,
212 4333 317 4400 tercio
334 4333 413 4415 Idus
429 4331 529 4418 Junij‚
547 4334 652 4417 Regni
678 4340 787 4402 autem
805 4334 908 4402 nostri
925 4351 1010 4400 anuo
1034 4332 1191 4401 secundo.

371 4420 375 4433 l

273 4510 421 4579 (Eredatie
435 4529 476 4567 aa.
489 4511 517 4566 k.
530 4513 663 4585 Pozscny
676 4511 761 4570 varos
774 4508 997 4580 levaltaraban.)

507 4721 605 4732 m..
612 4724 632 4730 -
651 4721 751 4729 ...-,......

134 4838 232 4884 ubsola
243 4837 321 4882 abac.
336 4837 401 4881 mss.
413 4856 440 4866 -
448 4836 515 4880 Dll’L.
525 4835 558 4880 lo.
