3188 5238
865 977 922 1046 56.

338 1170 369 1238 A
387 1174 540 1260 pozaoayc‘
554 1174 707 1262 topazon
734 1175 1013 1264 &acaemetarum
1039 1179 1117 1264 hopy
1141 1179 1303 1267 Deba-0902
1326 1181 1453 1269 europe

337 1282 445 1370 apelez
460 1281 590 1372 doldayi
613 1284 822 1372 rzdatdfh‘ldet
837 1284 1106 1374 „taam-doymo·
1129 1287 1303 1354 Jakataat
1326 1289 1452 1358 elodott

848 1396 945 1460 1293.

729 1593 1065 1662 adn.

439 1739 609 1812 Vniuersis
626 1741 747 1812 (lhristi
757 1737 905 1812 fidelibus
921 1746 1093 1830 presentes
1110 1741 1237 1809 litteras
1253 1742 1453 1830 inspecturis
1591 1810 1592 1834 χ

297 1931 301 1938 .
331 1848 517 1938 Capitulum
536 1851 687 1920 neoterio
701 1851 916 1922 Posoniensis
941 1851 1083 1922 salntem
1099 1850 1131 1916 in
1150 1851 1265 1918 salutis
1281 1851 1452 1938 largitore.
1591 1851 1592 1928 j

332 1958 386 2028 Ad
402 1956 627 2030 vniuersorum
644 1961 801 2030 noticiam
817 1967 931 2028 tenore
946 1959 1151 2046 presencium
1170 1961 1318 2027 nolumus
1336 1979 1455 2044 perue-

332 2068 420 2150 nire,
441 2068 527 2152 quod
555 2068 742 2140 constitutis
767 2066 986 2154 personaliter
1012 2087 1121 2135 coram
1137 2065 1231 2136 nobis
1257 2069 1359 2137 Panlo
1382 2067 1453 2136 filio

331 2177 460 2244 Primus
471 2171 527 2262 (i),
547 2178 672 2246 Karolo
689 2175 755 2242 filio
775 2173 895 2265 Kyris,
921 2177 1047 2244 Kouma
1073 2174 1140 2242 filio
1166 2175 1289 2261 Bnhte,
1315 2179 1452 2246 Matheo

331 2285 398 2352 filio
415 2284 499 2355 Jaoo
515 2305 573 2372 pro
590 2305 627 2354 se
636 2335 645 2371 ,
664 2291 696 2354 et
711 2304 771 2371 pro
796 2291 866 2354 tota
881 2284 961 2352 uilla
976 2283 1170 2371 Dobrogoz,
1194 2285 1236 2351 ab
1252 2305 1320 2354 una
1336 2297 1453 2373 parte;

331 2391 457 2461 Jacobo
475 2393 541 2462 filio
558 2394 646 2462 Petri
663 2394 704 2460 de
726 2393 847 2460 Sancto
868 2391 1021 2477 Georgia
1045 2393 1196 2460 Johanne
1218 2393 1287 2462 filio
1303 2394 1454 2481 Voncha,
1591 2411 1593 2498 ᾗ

331 2523 389 2588 pro
406 2523 442 2572 se
469 2510 502 2571 et
517 2523 579 2590 pro
605 2501 756 2588 cognatis
782 2501 851 2570 suis
860 2550 869 2586 ‚
897 2501 1024 2568 scilicet
1050 2500 1127 2588 filijs
1152 2501 1293 2570 (lhwnnr
1320 2511 1353 2569 et
1369 2504 1454 2590 filijs

332 2609 458 2693 Kemin,
476 2615 518 2680 ab
534 2612 659 2697 altera3
686 2608 771 2678 idem
789 2610 911 2678 Paulus
927 2631 1000 2678 enm
1018 2611 1168 2678 omnibus
1189 2611 1290 2698 socijs
1307 2615 1375 2680 suis
1395 2634 1453 2680 su·
1591 2615 1592 2629 *

331 2717 489 2804 predictis
507 2725 558 2786 est
574 2720 742 2787 confessus
760 2720 893 2815 oraculo
910 2721 985 2787 uiue
1004 2720 1094 2789 uocis
1104 2770 1112 2803 ,
1138 2717 1225 2804 quod
1240 2721 1303 2806 ipsi
1320 2741 1378 2808 per
1393 2740 1453 2788 ue·

331 2828 512 2895 nerabilem
548 2834 675 2916 putrem
700 2827 891 2900 Ladislaum
928 2828 992 2897 Dei
1014 2831 1130 2916 gracia
1156 2827 1452 2918 Archiepiscopum

332 2935 627 3020 strigoniensium,
654 2936 817 3006 dominum
843 2940 1009 3025 ipsorum,
1034 2939 1067 3004 in
1083 2937 1239 3004 maiorem
1264 2939 1454 3008 libertatem

331 3045 478 3112 nolentes
494 3064 531 3114 se
548 3045 750 3133 transferre,
768 3054 800 3113 et
817 3052 965 3134 tempore
989 3046 1215 3114 tribulationis
1234 3065 1294 3132 per
1312 3047 1453 3114 nimiam

331 3153 589 3222 destruccionem
617 3154 836 3243 depauperati
863 3153 1069 3238 extitissent,
1099 3160 1132 3221 et
1155 3175 1252 3238 quam
1275 3155 1454 3240 plurimum

332 3282 477 3350 expensa
501 3261 675 3348 indigerit,
702 3272 774 3332 octo
801 3267 917 3350 iugera
940 3271 1099 3332 terrarum
1125 3264 1299 3331 arabilium
1316 3261 1356 3328 de
1372 3284 1452 3348 pro-

330 3373 414 3460 prijs
430 3371 638 3458 hereditarijs
655 3373 843 3440 eorumdem
852 3424 861 3460 ,
880 3391 944 3456 que
960 3373 1072 3440 iacent
1088 3373 1174 3441 eirca
1191 3379 1314 3439 terram
1330 3373 1453 3442 Jacobi

332 3481 508 3570 antedicti,
536 3499 671 3565 qnorum
687 3501 769 3549 vnus
795 3482 870 3550 linis
887 3482 994 3550 tendit
1018 3500 1132 3552 uersus
1149 3483 1235 3550 viam
1260 3481 1451 3568 Dobrogoz,

331 3592 417 3660 alius
432 3589 524 3657 uadit
541 3589 583 3656 ad
599 3609 752 3674 magnam
768 3591 867 3678 viam,
884 3609 948 3676 que
964 3589 1054 3658 ducit
1070 3591 1103 3656 in
1113 3589 1262 3678 Ghyliztu
1279 3596 1312 3655 et
1327 3587 1452 3659 dieitur

330 3703 386 3770 via
403 3700 547 3787 publiea,
564 3719 605 3766 ex
623 3700 783 3766 communi
799 3700 971 3768 uoluntate
988 3699 1206 3768 uendiderunt
1229 3719 1289 3785 pro
1306 3704 1451 3784 quatuor

332 3807 452 3880 mareis
479 3809 618 3877 latorum
644 3809 776 3877 domino
803 3809 930 3878 Jacobo
956 3809 1146 3896 supradicto
1159 3861 1168 3895 ,
1195 3813 1228 3876 et
1243 3827 1302 3896 per
1321 3826 1396 3874 eum
1414 3809 1451 3877 in

332 3920 418 3988 filios
435 3917 573 3988 liliorum
591 3938 720 3986 suorum
747 3919 817 3986 inre
840 3917 1041 3988 hereditario
1066 3919 1100 3985 in
1125 3923 1315 4007 perpetuum
1339 3920 1450 4004 possi-

333 4028 461 4114 denda;
479 4029 527 4095 ita
541 4032 670 4116 tamen,
691 4025 778 4112 quod
794 4029 835 4096 de
852 4027 1004 4116 predicta
1020 4037 1110 4096 terra
1126 4047 1237 4095 omnes
1254 4025 1449 4115 generacio-

332 4157 390 4206 ncs
406 4137 530 4224 lucebi,
548 4137 677 4206 scilicet
692 4136 863 4206 lohannes
879 4137 965 4204 filius
976 4136 1124 4221 Voncha,
1141 4134 1223 4203 sicut
1238 4137 1323 4204 dixit
1333 4153 1449 4203 eoram

332 4246 438 4325 nobis,
456 4246 579 4312 nullam
597 4248 662 4316 uim
679 4244 851 4329 facientes,
877 4247 955 4329 quia
971 4244 1015 4312 ad
1031 4245 1231 4334 empcionem
1246 4249 1330 4311 terre
1345 4245 1447 4315 Jaco-

333 4354 409 4422 bum
427 4353 463 4421 in
477 4352 569 4420 nullo
594 4355 809 4442 adimentes,
836 4355 898 4422 sed
914 4353 1045 4422 omnino
1061 4351 1186 4422 Jacobo
1210 4350 1379 4436 sepedicto
1396 4376 1447 4423 re·

332 4462 485 4529 manebit.
512 4463 657 4530 Dicimus
673 4463 799 4546 eciam,
825 4463 912 4548 quod
928 4464 1015 4532 idem
1031 4461 1176 4530 lacobus
1200 4459 1342 4528 mediam
1357 4480 1446 4529 mar-

334 4591 405 4638 oam
421 4571 455 4637 in
473 4570 561 4639 dicto
587 4571 724 4656 negocio
740 4570 920 4639 laborando
946 4571 1026 4639 dicit
1049 4567 1264 4656 expendiss03
1291 4567 1446 4651 obligans

331 4699 368 4749 se
385 4679 483 4750 etiam
500 4686 569 4748 tota
584 4679 664 4750 uilla
679 4679 864 4770 Dobrogon‚
877 4680 965 4770 quod
981 4681 1167 4768 quicunque
1181 4694 1338 4770 processu
1354 4679 1442 4750 tem-
