3166 5238
92 1220 159 1282 ΙΙΙ.
176 1220 286 1284 Endre
301 1219 407 1305 tiroly
424 1219 517 1283 Potor
532 1216 611 1304 prof
622 1220 771 1303 loir-dedra,
789 1221 819 1283 e's
836 1221 997 1284 rcbtotctbc
1022 1223 1093 1286 advo
1119 1224 1218 1288 canelo

93 1325 172 1390 lodi
189 1330 333 1414 crcoyeit,
350 1331 451 1414 dtirjo
467 1329 683 1414 demepcrdsc'tr'
696 1327 845 1393 Demeter
853 1331 1009 1415 possonyt'
1016 1328 1218 1414 fdispdoaolr

151 1435 264 1501 Samae
277 1436 438 1500 birtolcdro
453 1436 623 1501 ooootlrozd
638 1457 745 1522 opyoo
761 1436 899 1500 raas-bi
913 1435 1038 1502 tretecor.
1060 1439 1157 1505 1298.

201 1634 354 1702 Andreas
364 1634 427 1702 Dei
437 1634 552 1720 gracia
562 1633 741 1717 Hungarie,
755 1633 934 1718 Dalmatio,
946 1634 1092 1719 Oroacie,
1104 1637 1216 1723 Reme,
1284 1615 1291 1628 ⁸

94 1743 218 1826 Seruie,
236 1743 382 1826 Gallicis
395 1742 597 1827 Lodomerie‚
614 1742 779 1828 domanio,
797 1743 1016 1829 Bulgarieque
1032 1746 1103 1811 Rex
1113 1748 1215 1813 omni·

94 1853 153 1921 bus
170 1853 292 1920 Christi
318 1851 468 1920 fidelibus
488 1871 624 1937 presens
640 1855 796 1938 scriptum
813 1853 1009 1935 inspecturis
1026 1856 1164 1923 salutem
1181 1857 1216 1924 in

94 1985 141 2044 eo,
160 1963 216 2046 qui
232 1970 282 2029 est
298 1963 387 2028 salus
404 1968 436 2028 et
455 1963 533 2027 uita
561 1964 623 2028 Pro
641 1962 764 2030 meritis
792 1962 990 2030 subditorum
1007 1963 1111 2049 Regie
1128 1960 1215 2053 (lgy)

94 2071 288 2140 Sublimitas
305 2073 432 2156 apicem
446 2072 601 2137 conuenit
617 2071 775 2140 inclinare
792 2071 920 2138 bellicis
937 2070 1110 2141 sudoribus
1125 2074 1215 2140 dam·

93 2178 244 2264 psillitati
260 2175 346 2266 (lgy)
363 2179 496 2260 Regalis
513 2179 625 2264 gracie
642 2177 851 2244 occurrendo.
869 2178 1009 2245 Proinde
1026 2181 1070 2248 ad
1088 2181 1214 2248 uniuer-

92 2306 198 2353 sorum
213 2295 281 2353 tam
291 2289 508 2373 presencium,
526 2306 621 2370 quam
638 2287 814 2353 futurorum
828 2287 981 2353 noticiam
997 2287 1113 2355 harum
1130 2291 1215 2358 serie

93 2397 242 2464 uolumus
258 2397 439 2482 peruenire,
458 2393 544 2478 quod
555 2395 675 2462 nobilis
687 2395 734 2460 vir
746 2395 862 2460 Comes
879 2395 995 2463 Petrus
1012 2394 1098 2466 filius
1116 2395 1213 2468 Thul-

92 2524 156 2593 uoy
176 2507 220 2572 dc
231 2504 600 2573 ComitatuPosonicnsi
611 2503 653 2569 ad
665 2510 810 2570 nostram
825 2505 987 2573 accedens
998 2509 1213 2594 presenciam,

48 2675 52 2684 .
94 2615 216 2682 exibuit
232 2609 317 2701 (lgy)
335 2614 430 2679 uobis
447 2620 597 2697 patentes
614 2612 745 2679 litteras
762 2614 913 2700 magistri
932 2615 1091 2701 Demetrij
1110 2617 1214 2684 Comi·

92 2725 131 2790 tis
148 2726 190 2790 de
207 2725 348 2791 Posouio
375 2730 407 2790 et
435 2723 476 2791 de
502 2725 659 2811 Zoulum‚
678 2723 795 2808 petiuit
811 2745 872 2790 nos
890 2746 961 2792 eum
987 2726 1161 2811 instancia,
1178 2733 1214 2792 ut

92 2830 181 2916 ipsas
198 2833 325 2903 litteras
336 2839 427 2899 ratas
439 2833 601 2899 habentes
613 2838 646 2899 et
664 2840 819 2920 acceptas
831 2835 873 2900 de
889 2834 1092 2917 benignitate
1108 2835 1213 2921 Regia

92 2949 199 3007 nostro
217 2943 427 3028 dignaremur
439 2942 612 3029 priuilegio
630 2923 830 3009 confirmare.
848 2943 989 3023 Quarum
1007 2941 1139 3026 quidem
1156 2963 1212 3030 pa-

92 3051 230 3117 teucium
248 3052 427 3117 litterarum
445 3060 540 3116 tenor
556 3050 633 3118 talis
651 3058 726 3117 est:

195 3163 265 3228 Nos
281 3161 438 3246 Magister
455 3160 642 3228 Demetrius
659 3159 719 3226 stb.
738 3155 822 3248 (mint
839 3166 923 3222 arabs
943 3167 1015 3224 134.
1033 3185 1070 3222 sz.
1088 3157 1128 3245 a.)

196 3271 265 3336 Nos
282 3271 379 3355 igitur
405 3270 499 3337 iustis
517 3270 735 3354 peticionibus
753 3269 891 3353 predicti
911 3267 1044 3336 Comitis
1061 3269 1148 3335 Petri
1164 3270 1211 3336 fa-

93 3378 279 3445 uorabiliter
304 3377 472 3462 inclinati,
498 3380 589 3464 ipsas
605 3378 733 3445 litteras
753 3397 819 3442 non
836 3378 985 3460 abrasas,
1002 3396 1067 3444 non
1085 3377 1212 3446 canoel·

94 3487 187 3565 latas,
207 3509 267 3555 nco
282 3489 394 3570 aliqua
410 3489 461 3556 sui
480 3489 752 3573 pastoricium,
779 3487 821 3552 de
836 3490 937 3555 uerbo
954 3487 998 3552 ad
1013 3486 1148 3554 uerbum
1164 3487 1212 3554 in·

94 3601 152 3666 seri
167 3601 303 3667 fecimus
314 3651 323 3684 ,
341 3601 535 3666 auctoritate
555 3597 761 3684 presencium
782 3597 933 3666 duximus
961 3595 1211 3666 confirmandas.

95 3706 381 3792 Consideratisque
406 3707 616 3776 fidelitatibus
634 3715 666 3774 et
683 3708 895 3776 seruiciorum
922 3706 1046 3776 meritis
1071 3706 1212 3794 predicti

94 3814 224 3884 Comitis
235 3817 334 3902 Petri,
352 3835 414 3899 que
430 3816 526 3885 nobis
543 3818 575 3881 in
593 3818 732 3884 diuersis
750 3819 853 3904 Regni
871 3819 974 3884 nostri
991 3815 1210 3905 expedicioni-

93 3925 149 3993 bus
166 3947 297 4014 semper
314 3934 347 3994 et
357 3925 478 4012 ubique
498 3947 571 3992 oum
590 3927 676 3993 omni
694 3926 822 3996 feruore
839 3928 1007 3994 fidelitatis
1025 3925 1171 3992 exhibuit
1179 3933 1213 3993 et

56 4081 60 4090 .
94 4031 258 4122 impendit,
286 4043 319 4102 et
334 4037 522 4126 specialiter
539 4056 610 4102 cum
636 4056 696 4106 nos
713 4036 906 4120 magistrum
932 4035 1131 4105 Demetrium
1154 4037 1211 4104 Co·

96 4143 201 4212 mitem
218 4145 259 4212 de
275 4147 416 4213 Posouio
434 4156 465 4213 et
482 4145 521 4212 de
533 4145 668 4213 Zoulum
685 4152 798 4213 contra
814 4145 979 4212 dominum
990 4142 1140 4210 Adolfum
1150 4146 1211 4210 Re·

97 4271 164 4335 gem
180 4255 398 4320 Romanorum
417 4275 557 4322 unacum
578 4254 709 4322 domino
725 4255 861 4322 Alberto
879 4261 956 4321 tune
971 4257 1063 4323 Duce
1079 4253 1211 4320 Austrie

97 4365 124 4422 et
139 4362 246 4451 Styrie
263 4363 477 4448 misissemus,
490 4363 544 4428 ubi
555 4363 641 4429 idem
652 4364 770 4430 Petrus
794 4361 1005 4431 laudabiliter
1023 4359 1209 4429 dimicando

97 4472 230 4554 quinque
247 4470 422 4540 nobiliores
441 4480 472 4540 et
483 4471 732 4557 sollempniorcs
749 4471 870 4540 milites
887 4473 1079 4558 captiuauit,
1097 4479 1129 4539 et
1145 4471 1209 4538 duo

97 4578 201 4647 letalia
219 4581 348 4666 excepit
368 4581 503 4667 ulnera,
522 4583 609 4664 quod
625 4583 719 4650 nobis
736 4601 796 4668 peu
811 4581 1012 4650 relacionem
1028 4579 1210 4648 ueridioam

97 4685 232 4757 eiusdem
244 4690 393 4779 magistri
403 4691 561 4778 Demetrij
574 4691 716 4760 seriatim
728 4688 834 4758 extitit
846 4690 1031 4777 euidenter5
1048 4707 1107 4777 pro
1118 4687 1208 4756 dam-
