3188 5238
626 275 705 342 ,85

116 475 246 540 minum
256 471 458 558 episcopum
477 482 508 541 ct
524 473 659 540 fratrem
686 491 779 540 suum
796 495 927 544 mouere
946 477 1138 562 potuissent.
1156 480 1237 548 Item

114 603 220 668 super
236 582 385 649 omnibus
414 589 445 647 et
469 581 663 650 omnimodis
689 583 989 668 destruccionibus,
1006 588 1239 662 combustioni·¹

113 693 194 776 bus,
212 689 364 776 dampnis
381 689 478 774 datis,
496 697 529 757 ct
546 691 686 776 iniurijs,
703 693 757 758 uel
774 693 938 762 iniuriosis
949 671 1239 782 leccionibus'quiss

113 803 266 873 buslibet
290 799 366 868 hinc
377 799 497 866 etinde
509 801 569 866 sub
587 837 631 848 -
647 839 688 850 -
705 835 750 846 -
766 837 809 849 -
824 803 924 871 illatis
939 804 1164 890 usquemodo,
1180 823 1239 874 sev

114 929 225 993 usque
251 910 362 976 datam
395 908 601 994 presencium
626 909 828 995 litterarum,
856 911 1031 979 secundum
1065 894 1239 982 arbitrium

113 1021 296 1108 proborum
313 1017 453 1084 virorum
471 1017 784 1102 oonprouincialium
809 1021 873 1087 sibi
889 1021 1030 1087 invicem
1046 1027 1080 1086 et
1098 1022 1140 1089 ab
1156 1022 1237 1091 invi-

114 1151 212 1213 cem,
238 1133 349 1193 mutuo
375 1123 638 1210 satisfacientes,
665 1136 857 1213 perpetuam
881 1148 999 1216 paoem
1014 1147 1050 1196 se
1065 1131 1189 1198 habere
1205 1139 1238 1200 et

113 1254 323 1307 conseruare
338 1235 372 1299 in
396 1233 536 1300 futurum
562 1243 638 1302 sunt
663 1235 806 1302 confessi
829 1239 961 1310 oraculo
977 1238 1052 1306 viue
1070 1240 1180 1323 uocis,
1205 1248 1238 1308 et

114 1349 209 1434 quod
224 1352 341 1444 neutra
350 1346 497 1428 parcium
508 1343 644 1413 alteram
655 1355 783 1430 partem
800 1368 899 1434 super
910 1349 1072 1433 preteritis
1085 1349 1237 1436 dampnis

114 1457 319 1543 quibuslibet
335 1455 388 1520 uel
402 1453 531 1539 iniurijs
548 1455 667 1539 poterit
682 1457 859 1524 molestare
874 1457 910 1522 in
931 1456 1083 1524 futurum.
1111 1457 1148 1525 si
1163 1457 1236 1541 quis

112 1586 197 1634 vero
224 1567 370 1650 pannium
395 1564 437 1628 ab
464 1562 649 1630 huiusmodi
670 1565 916 1649 composicione
940 1556 1108 1648 resiliens,
1137 1585 1237 1650 super

114 1673 282 1761 preteritis
298 1669 497 1756 quibuslibet
522 1669 683 1760 dampnis,
701 1676 754 1740 uel
770 1694 868 1759 super
884 1673 1081 1758 quibuslibet
1103 1674 1236 1742 iniurio-

114 1786 165 1853 sis
177 1782 382 1850 faccionibus
399 1781 561 1848 aduersus
572 1783 709 1848 alteram
720 1790 860 1868 partem,
879 1783 969 1849 litem
979 1782 1117 1850 mouerit
1126 1800 1237 1865 qnam·

115 1913 255 1975 cumque
268 1913 276 1974 ;
291 1892 369 1956 item
386 1896 458 1972 post
485 1888 595 1956 datam
621 1890 826 1974 presencium
842 1892 871 1958 si
887 1894 959 1974 quis
983 1892 1128 1976 parcium
1151 1891 1239 1959 rixa·

113 2024 188 2070 rum
206 1998 414 2068 susscitatrix
424 2045 433 2079 ,
451 1995 503 2062 uel
519 1996 815 2066 controuersiarum
840 1999 1025 2084 incitatrix,
1047 1999 1237 2072 iniuriarum
1307 2060 1309 2065 .

114 2110 313 2195 irrogatrix,
342 2105 554 2192 dampnorum
572 2105 682 2172 datrix
707 2107 942 2190 quorumlibet,
970 2107 1097 2174 cedium
1114 2108 1237 2176 illatrix

113 2217 265 2286 extiterit
279 2217 312 2280 in
328 2215 486 2296 futurum,
513 2220 545 2280 et
561 2211 623 2279 hoo
639 2214 734 2281 nobis
752 2221 785 2279 et
801 2217 954 2303 capitulo
977 2215 1157 2285 Bounensis
1173 2217 1236 2283 Eo·

113 2328 220 2396 olesie
235 2344 294 2411 per
310 2323 457 2389 homines
473 2327 602 2389 nostros
614 2322 889 2392 certitudinaliter
906 2326 1100 2408 constiterit,
1119 2333 1236 2392 extunc

113 2439 202 2502 siout
219 2435 282 2501 iam
299 2453 405 2516 nunc,
431 2429 474 2496 ad
489 2437 637 2500 nostrum
663 2439 696 2496 et
714 2431 859 2498 eiusdem
887 2433 1030 2518 Capituli
1056 2435 1235 2502 Bonnensis

112 2543 265 2613 Ecclesie
282 2544 417 2623 scitum,
435 2548 467 2606 et
483 2542 527 2614 ad
542 2541 800 2624 inquisicionem,
816 2543 880 2610 hec
895 2562 975 2626 pars
993 2545 1080 2610 sicut
1094 2545 1234 2628 rebellis,

112 2654 233 2740 preuia
250 2650 411 2718 citacione
427 2649 525 2732 iacta,
542 2651 667 2732 absque
686 2652 822 2739 strepitu
841 2651 980 2720 alicuius
994 2649 1131 2738 judicij,
1148 2651 1234 2720 omni

111 2759 303 2840 occasione,
322 2757 486 2825 dilacione
512 2765 544 2824 et
561 2758 708 2841 qualibet
728 2759 1010 2842 tergiuersacioue
1025 2760 1176 2842 remotis,
1200 2761 1235 2827 iu

110 2870 275 2952 termino,
292 2887 387 2951 quem
406 2866 514 2934 Judex
531 2866 767 2950 assignandum
784 2868 932 2950 duxerit,
960 2873 1088 2934 centum
1104 2888 1233 2936 marcas

110 2981 203 3066 parti
219 2979 356 3045 aduerso
366 2978 494 3044 soluere
509 2981 670 3044 teneatur.
681 2978 750 3044 Nos
766 2998 844 3045 vero
856 2977 1042 3069 Capitulum
1054 2977 1232 3044 Bounensis

110 3090 274 3173 Ecclesie,
292 3074 443 3156 dabimus
459 3087 587 3155 litteras
605 3094 736 3154 nostras
753 3087 796 3154 ad
809 3086 973 3156 dominum
990 3089 1113 3174 Regem
1128 3094 1232 3154 traus-

111 3197 269 3265 lerandas
280 3246 288 3280 ,
317 3195 570 3280 transgressoris
587 3197 640 3261 uel
660 3202 937 3279 transgressorum
961 3194 1092 3262 nominc
1107 3213 1232 3278 sueque

109 3305 388 3392 transgressionis
405 3304 537 3370 modum
549 3305 619 3372 siue
637 3303 754 3372 seriem
773 3305 986 3372 continentes.
1004 3302 1056 3369 Ad
1067 3305 1127 3370 hec
1146 3309 1231 3370 utra-

111 3435 179 3498 que
204 3434 282 3501 pars
307 3413 410 3481 uoluit
435 3421 467 3480 et
492 3413 691 3498 assumpsit,
728 3419 762 3478 vt
788 3411 984 3480 venerabilis
1010 3418 1105 3496 pater
1131 3410 1232 3478 domi·

110 3541 176 3589 nus
201 3530 310 3587 noster
327 3522 362 3586 P.
378 3523 441 3588 Dei
457 3519 570 3605 gracia
580 3520 764 3607 Episcopus
776 3517 1136 3602 Quinqueccclesiensis
1148 3517 1232 3588 hauc

111 3637 242 3718 partem
266 3627 422 3695 rebellem
440 3634 473 3693 et
496 3629 660 3711 quoslibet
675 3647 751 3708 suos
768 3627 813 3692 ad
838 3627 942 3712 ipsam
968 3627 1168 3712 pertinentes
1184 3627 1230 3692 in-

111 3736 313 3820 terdicendi,
338 3737 563 3821 suspendendi
589 3743 622 3802 ct
646 3735 948 3804 excommunicandi
973 3737 1095 3805 habeat
1113 3735 1229 3822 plena·

111 3849 196 3914 riam
223 3852 440 3931 potestatem,
473 3866 570 3929 quam
597 3843 726 3927 quidem
750 3845 950 3914 sentenciam
975 3846 1230 3912 excommunica·

112 3957 221 4028 aionis
238 3953 324 4024 idem
343 3957 490 4025 domiuus
510 3962 619 4024 noster
635 3955 818 4042 Episcopus
838 3955 966 4038 absque
990 3953 1231 4022 intermissione

113 4070 148 4136 in
175 4065 311 4134 eandem
336 4070 482 4151 partem,
509 4070 542 4131 et
566 4070 681 4132 contra
706 4083 782 4132 suos
806 4062 1012 4149 promulgare
1038 4069 1071 4128 et
1089 4064 1230 4148 promul·

113 4177 187 4264 gari
197 4229 206 4264 ,
233 4173 401 4262 publicare
424 4182 457 4242 et
472 4173 632 4260 publicari
647 4174 759 4242 facere
775 4179 934 4242 teneatur.
962 4171 1076 4240 Ymmo
1093 4193 1155 4240 neo
1174 4174 1229 4240 ab·

113 4289 245 4353 soluere
261 4283 383 4368 possit,
411 4281 514 4350 donec
529 4281 599 4350 lese
615 4283 669 4349 uel
684 4281 762 4350 lesis
780 4281 821 4349 de
839 4281 987 4368 dampnis
1012 4297 1123 4368 eorum
1146 4280 1229 4368 sutis

112 4393 171 4462 liat
195 4395 425 4478 competenter.
450 4391 500 4458 Ab
516 4391 579 4458 hac
604 4397 713 4460 tamen
738 4391 907 4460 sentencia
934 4390 1227 4472 excommunicante

112 4503 164 4570 nis
182 4501 263 4588 sola
288 4499 486 4568 venerabilis
512 4521 652 4586 persona
668 4501 791 4568 domini
806 4499 948 4588 Epsoopi
975 4497 1152 4576 Bonnensis
1168 4498 1229 4566 Ec·

110 4613 216 4683 clesie
249 4608 406 4698 excipitur
432 4610 647 4680 excludendo.
671 4611 807 4681 ¹Datum
831 4611 869 4692 iu,
898 4609 981 4685 festo
1006 4607 1121 4696 Saueti
1150 4607 1225 4705 idq·
1330 4653 1332 4657 -
