3166 5238
538 326 699 440 E-
745 287 754 307 .

82 532 112 598 in
122 532 175 620 jus
191 533 405 610 traherentur,
423 529 510 598 idern
529 529 737 613 oumprefato
754 527 854 596 fratre
866 546 935 614 suo,
947 534 981 598 et
996 529 1047 596 sui
1057 547 1184 598 suooes-

79 659 174 726 sores,
191 643 329 730 populos
355 636 525 727 reputatos
551 634 703 722 expedire
723 641 908 706 tenerentur
933 635 1078 723 propriis
1094 637 1185 708 labo·
1313 687 1319 696 ι

77 749 160 818 ribus
176 755 212 820 et
236 747 402 836 expensis,
418 753 452 816 et
467 749 500 816 in
524 745 659 833 paoifioa
674 749 887 834 possessione
901 744 979 816 dieti
1004 747 1122 816 montis
1138 747 1185 814 in-

76 855 255 943 dempniter
271 872 476 926 conseruare.
503 855 541 922 In
557 853 645 922 ouius
664 852 712 920 rei
728 852 928 932 memoriam,
953 852 1185 942 testimonium,

76 972 329 1053 perpetuamque
353 963 538 1033 firmitatem
563 944 735 1049 presentes
747 961 968 1032 oonoessimus
984 959 1123 1049 litteras,
1142 965 1185 1034 si·
1237 1027 1239 1033 .

76 1075 141 1162 gilli
155 1075 262 1142 nostri
277 1073 453 1142 munimine
478 1073 655 1142 roboratas.
682 1073 803 1141 Datum
825 1070 999 1159 Myoheale
1013 1071 1185 1158 Proposito

76 1185 184 1252 Eleeto
201 1181 426 1270 Zagrabiensi,
450 1181 607 1268 Gregorio
634 1182 794 1265 (tentore,
812 1182 916 1250 Paulo
942 1178 1102 1268 Custode,
1122 1180 1188 1248 An·

38 1375 44 1389 ⁵
76 1294 154 1364 drea
168 1294 305 1362 Deoano
322 1291 472 1362 Euolesie
487 1297 598 1358 nostre
611 1290 837 1378 existentibus,
864 1309 950 1358 anno
970 1289 1104 1359 Domini
1118 1289 1189 1360 mil·

74 1401 186 1472 iesimo
204 1401 428 1472 dueentesimo
444 1399 655 1486 nonagesimo
671 1405 775 1469 sexto.

294 1595 435 1665 (Teutseh
447 1595 478 1656 es
491 1596 649 1656 Firnhaber
661 1595 699 1654 id.
714 1615 749 1654 m.
763 1595 784 1652 I.
797 1596 856 1652 kot.
870 1594 929 1655 197.
943 1591 974 1666 l.)

516 1895 759 1916 ‘unna-ua·—

582 2427 662 2494 100.

68 2629 221 2694 Lodornor
239 2629 419 2716 eezterpume'
444 2629 539 2713 ortale,
564 2628 641 2692 ruint
665 2626 891 2714 oppetereme'md
905 2649 944 2690 uz
959 2627 1094 2714 apostoli
1115 2627 1187 2691 rasile

67 2738 227 2804 tetaldum
253 2739 368 2825 birrijo,
385 2761 406 2802 a
432 2739 600 2824 neszpreme‘
620 2737 742 2824 pitepb'lr
767 2740 798 2802 e'e
817 2759 855 2801 uz
879 2735 1008 2801 omrai
1030 2735 1187 2822 leu'ptulun

66 2847 142 2931 ler‘r‘at,
164 2869 188 2911 a
206 2846 304 2912 tedet
324 2847 443 2913 tizedelr
470 2846 647 2933 tdrpycibuu
664 2844 761 2932 folpti
777 2845 895 2932 pertun
919 2868 940 2909 u
963 2845 1122 2930 tuturoup
1145 2843 1185 2909 el-

379 2954 571 3021 heluezteisdt
589 2953 766 3020 hutdrozau.
783 2955 883 3021 1296.
1108 2983 1110 2990 ·

174 3154 392 3224 Lodomerius
408 3151 633 3221 -miseraoione
657 3149 780 3218 Diuina
804 3150 1083 3239 Arohiepieeopus
1106 3153 1185 3220 Stri-

64 3263 239 3354 goniensis
264 3264 393 3346 looique
418 3265 566 3349 ejusdem
583 3262 699 3331 comes
716 3266 901 3348 perpetuus,
921 3261 1114 3346 Apostoiioe
1130 3264 1186 3331 Se-

64 3375 114 3440 dis
126 3374 234 3460 judex
249 3371 433 3458 delegatus,
450 3370 520 3439 viro
544 3369 685 3440 discreto
710 3369 868 3454 Magistro
892 3371 1044 3440 Emerioo
1068 3371 1187 3442 Maiori

66 3481 313 3552 Archidiaeono
338 3481 482 3550 eiusdem
499 3473 732 3566 strigoniensis¹
747 3467 906 3565 Euolesie,
923 3482 1055 3567 college·
1066 3502 1126 3552 suo
1142 3484 1186 3551 ab

63 3591 184 3660 eedem
200 3587 288 3658 Sede
300 3587 406 3673 judioi
422 3586 588 3675 delegato,
605 3589 744 3657 salutem
768 3588 802 3654 in
817 3588 967 3656 Domino.
994 3593 1033 3659 In
1059 3593 1186 3663 ootauis

62 3699 182 3768 Sanoti
197 3698 298 3784 Regis
315 3697 485 3782 Stephani,
510 3695 662 3766 videlieet
678 3703 771 3764 sexto
797 3697 961 3765 kalendas
983 3695 1183 3785 Septembris

62 3806 105 3875 ad
120 3802 369 3895 procedendum
393 3804 428 3873 in
443 3823 555 3892 eausa,
571 3825 633 3889 que
648 3805 785 3874 vertitur
809 3805 893 3874 inter
911 3805 1071 3877 discretos
1096 3810 1185 3878 viros

61 3914 273 4001 Propositum
290 3917 322 3978 et
332 3912 521 4000 Capitulum
537 3913 698 3984 Budensie
714 3915 863 3985 Euelesie
880 3922 1038 4000 tanquam
1054 3924 1184 3988 autores

62 4045 104 4094 ex
120 4047 190 4097 una
206 4031 312 4114 perte,
332 4032 366 4094 et
383 4026 601 4096 venerabilem
617 4034 744 4115 patrem
759 4027 1034 4113 Vesprimieneem
1050 4032 1185 4118 Episoo·

60 4158 139 4224 pum
156 4156 200 4204 ex
215 4137 336 4217 ultera,
352 4157 418 4207 non
431 4157 603 4225 possumus
618 4139 681 4208 hao
696 4139 769 4211 viee
785 4138 873 4226 apud
893 4140 1095 4227 Striguniun
1111 4143 1185 4230 perss

57 4246 222 4315 sonaliter
235 4245 416 4330 interesse,
441 4247 555 4333 Regiis
581 4253 614 4315 et
628 4247 770 4334 publicis
786 4249 893 4334 Regni
918 4249 1065 4335 negooiis
1080 4249 1181 4339 impe·

58 4354 130 4422 diti.
149 4352 360 4424 Disereoioni
380 4350 507 4441 (igitur)
524 4360 635 4424 uestre
651 4354 799 4426 duximus
824 4357 1022 4427 auotoritate
1045 4379 1181 4446 presen·
1260 4350 1264 4360 ’

58 4464 146 4530 oium
164 4463 442 4551 committendum,
460 4472 620 4549 quatenus
644 4467 750 4554 ipsum
766 4467 935 4552 negotium
951 4465 1065 4536 eodem
1081 4475 1180 4558 statu,

55 4573 142 4644 siout
157 4576 194 4642 in
209 4575 296 4643 aetia
310 4574 414 4660 ipsius
440 4576 567 4646 termini
594 4577 782 4660 continetur,
799 4583 913 4645 nostru
938 4582 973 4645 et
988 4583 1101 4649 nestra
1124 4598 1183 4645 au·

56 4684 224 4769 otoritare,
244 4682 480 4754 interueniente
496 4702 656 4754 eonsensu
671 4684 897 4756 niohilominus
920 4687 1070 4775 magistri
1086 4686 1182 4758 Nioo·
