3188 5238
693 283 736 348 69

628 380 791 394 Μ

147 499 334 550 mansuros.
352 480 445 548 Vnde
462 480 621 567 volumus,
639 479 723 565 quod
739 501 799 550 vos
814 480 847 548 in
875 485 985 548 vestra
1011 477 1163 548 libertate
1186 501 1265 548 con·

127 591 290 660 seruatis
306 592 398 660 iuxta
422 591 538 659 omnia.
567 589 688 656 Datum
705 593 736 658 in
765 588 895 658 Iwanch
912 588 998 656 feria
1017 588 1164 656 secunda
1189 609 1266 676 pro·

146 699 240 768 xima
256 707 330 786 post
345 701 465 766 festum
482 699 593 770 Sancti
618 699 705 767 Petri
721 697 764 767 ad
788 699 929 766 vincula.

260 911 382 986 (Sopron
395 911 479 972 viros
498 911 690 972 leveltirabbl
702 913 775 970 Lad.
787 914 822 970 L.
834 913 919 970 Fasc.
932 913 953 970 1.
966 909 1001 970 N.
1016 914 1041 968 9.
1055 915 1150 980 Caaob.)

585 1245 841 1257 Ἥ

679 1802 736 1868 tl.

144 2021 353 2107 Loaysborubs
376 2020 485 2104 capyis
501 2019 527 2082 I.
544 2017 685 2082 Eduard‘
696 2019 790 2100 capot
805 2016 911 2104 trusty
927 1965 990 2082 [Il.
1008 2019 1116 2085 Imrdre
1136 2042 1266 2108 mappas

326 2127 489 2214 loirrtlyboz
504 2149 525 2192 a
540 2127 688 2192 tamaius
703 2126 823 2192 ascolo
836 2127 979 2212 appeten.
997 2129 1093 2195 1292.

241 2330 459 2414 Serenissimo
469 2344 614 2432 Principi
624 2343 893 2412 dominoAndrce
904 2343 968 2414 Dei
979 2342 1093 2430 gracia
1110 2345 1266 2432 Ungarie,

147 2453 332 2540 Dalmacie,
350 2451 496 2531 crescis,
507 2457 620 2537 Rame,
631 2452 754 2539 Seruio,
769 2451 918 2532 Gallicis,
935 2452 1134 2540 Lodomerie,
1152 2454 1266 2523 Cuma-

146 2564 212 2644 nic,
229 2561 449 2646 Bulgarieque
464 2561 551 2646 Regi
575 2560 759 2631 Edwardus
784 2559 900 2628 eadem
919 2561 1034 2645 gracia
1049 2565 1121 2628 Rex
1136 2563 1265 2648 Anglie,

146 2671 307 2740 Dominus
330 2670 487 2738 Hibernia
504 2671 628 2747 etDun
639 2669 818 2762 Aquitania
834 2669 973 2735 salutem
989 2689 1062 2737 cum
1086 2671 1209 2738 honore
1233 2678 1267 2737 et

146 2781 255 2866 glorie
270 2779 418 2864 felicibus
444 2778 662 2847 incrementis.
690 2778 901 2848 eelsitudinis
917 2784 1026 2846 vestre
1042 2779 1180 2854 litteras,
1201 2799 1265 2864 que

146 2889 280 2954 fuerunt
295 2887 389 2954 nobis
406 2908 448 2955 ex
464 2892 557 2974 parte
572 2895 684 2956 vestra
700 2887 916 2971 pernobilem
932 2888 1034 2953 virum
1050 2887 1265 2971 Paganellum

147 2996 191 3062 de
206 2995 405 3084 Vicopisano
431 2997 626 3064 familiarem
652 3001 797 3064 veebum
812 3003 844 3062 et
861 2995 1021 3084 nuncium,
1040 2997 1176 3064 latorem
1193 3017 1265 3083 pre·

146 3105 295 3172 sancium
311 3110 507 3190 presentato,
518 3104 602 3173 inter
618 3112 728 3173 cetera
744 3104 949 3172 credenciam
966 3103 1182 3190 continentes,
1199 3124 1264 3190 quo

146 3214 259 3282 decuit
282 3215 406 3283 honore
431 3213 631 3300 recepimns;
657 3221 773 3282 ettam
798 3235 857 3303 per
883 3213 1069 3297 significata
1092 3232 1150 3299 per
1177 3216 1263 3299 illas,

147 3343 249 3408 quam
264 3343 305 3390 ea
320 3343 386 3407 que
410 3323 497 3391 idem
522 3325 658 3394 nuncius
679 3330 807 3401 vester,
832 3323 883 3392 vir
899 3322 1010 3408 vtique
1038 3323 1214 3391 industrius
1231 3330 1264 3394 ot

145 3430 328 3517 discretus,
363 3431 418 3516 qui
446 3431 509 3499 sibi
534 3432 707 3502 commissa
732 3432 828 3502 nobis
853 3431 1003 3520 exposuit
1018 3431 1261 3521 circumspecte,

145 3539 246 3627 pleno
263 3539 453 3624 collegimus
469 3539 647 3610 intellectu.
674 3543 761 3610 Sane
786 3541 828 3608 de
844 3539 919 3624 hiis,
936 3559 999 3624 que
1025 3541 1121 3610 nobis
1137 3541 1182 3608 ad
1200 3541 1263 3610 Dei

145 3647 322 3716 seruicium
346 3652 380 3712 et
404 3647 563 3716 honorem
588 3667 628 3714 ac
643 3649 882 3718 exaltacionem
907 3648 982 3718 fidoi
1003 3649 1189 3719 christiane
1205 3650 1263 3718 Se·

146 3759 272 3827 renites
286 3761 398 3824 vestra
427 3754 517 3823 duxit
542 3757 722 3824 liberaliter
747 3757 924 3844 offerenda,
945 3757 1190 3846 Magnifiocncie
1206 3779 1260 3828 ve·

146 3874 217 3936 stre
232 3863 402 3932 referimus
430 3866 614 3950 graciarum
632 3866 746 3934 vberes
763 3867 933 3948 acciones3
960 3885 1001 3932 ex
1026 3865 1088 3933 hoc
1103 3866 1262 3954 grandem

146 3973 359 4047 affeccionem
375 3979 408 4040 et
423 3983 579 4058 teneram,
605 3993 702 4057 quarn
718 3973 760 4040 ad
776 3975 947 4062 negocium
971 3981 1077 4044 status
1093 3974 1262 4043 miserabi-

146 4088 190 4154 lis
205 4083 306 4151 Terre
322 4083 442 4150 Sancte
466 4099 507 4147 ac
521 4081 566 4149 ad
577 4081 769 4167 obsequium
785 4082 898 4172 ipsius,
915 4085 971 4167 qui
985 4089 1104 4152 terram
1124 4083 1261 4153 eandem

148 4189 312 4278 sanguine
328 4188 462 4276 proprio
475 4187 651 4278 dedicauit,
668 4191 781 4276 geritis
792 4193 1026 4280 perspicaciter
1041 4189 1259 4260 attendentes.

70 4369 76 4385 ,
147 4304 270 4369 Verum
285 4307 463 4382 antequam
488 4300 639 4367 nuncium
663 4306 806 4368 vestrum
821 4319 1070 4386 receperamus,
1087 4300 1195 4369 fuerat
1210 4319 1260 4370 or·

148 4411 309 4490 dinatum,
324 4406 406 4474 etin
422 4413 510 4476 certo
527 4425 658 4477 eramus
680 4408 857 4496 proposito,
872 4409 981 4476 facere
997 4408 1189 4494 passagium
1203 4430 1259 4477 no·

147 4527 252 4590 strum
266 4535 326 4602 par
342 4535 442 4598 mare,
459 4535 481 4580 a
497 4514 678 4584 cuiusmodi
695 4516 908 4586 ordinacione
924 4517 1076 4584 recedere
1091 4537 1157 4585 non
1173 4519 1259 4587 rale-

145 4649 229 4700 mus.
246 4624 297 4694 Dc
312 4621 403 4692 mille
417 4643 496 4693 vero
509 4622 665 4693 militibus
681 4630 714 4692 et
729 4624 911 4716 sagittariis
927 4625 1099 4715 equitibus,
1116 4643 1197 4716 quos
1213 4627 1257 4701 ad
