3188 5238
615 317 770 419 jn-

133 514 199 574 tnm
217 507 251 574 in
267 507 350 578 festo
365 511 461 578 Beati
488 509 740 598 Bartholomey,
757 533 842 579 anno
859 517 990 584 Domini
1006 520 1180 592 millesimo
1195 523 1251 594 du·

132 617 312 686 centesimo
328 620 541 702 nonagesimo
561 620 682 705 quinto.

346 809 485 883 (Teutsch
499 809 529 868 ee
542 811 704 872 Firnhaber
723 815 760 872 id.
774 835 810 871 m.
822 817 844 870 I.
857 816 917 876 ket.
932 821 992 876 190.
1005 819 1038 893 l.)

560 1113 825 1128 mutan—-

655 1696 714 1761 82.

123 1899 173 1964 Aa
190 1909 475 1999 erde'lpc'lcdptolaa
498 1910 757 1996 bizcayadpleoala
767 1965 776 1998 ,
793 1913 873 1998 boqy
898 1916 1023 2003 Miletos,
1040 1918 1155 1984 Mtknd
1170 1922 1244 1986 Bria

115 2025 176 2107 fia,
199 2020 399 2085 Molccctclclc
424 2018 560 2082 birtolcdt
585 2020 728 2082 Keleraea
753 2019 1014 2106 pyclafeldrvdra‘
1037 2027 1245 2094 kcamwlcaolc

416 2127 461 2189 30
487 2136 571 2190 callet
594 2129 715 2212 pirdc'rt
730 2127 837 2191 eladta
857 2131 954 2194 1295.

234 2345 417 2430 Capitulum
430 2342 580 2410 Ecclesia
596 2343 692 2410 Beati
709 2343 890 2430 llyohaelis
907 2347 1103 2431 Archangeli
1121 2353 1240 2420 Trans·

121 2459 264 2539 siluane‚
284 2453 433 2520 omnibus
450 2452 573 2522 Christi
589 2451 738 2530 fidelibus
755 2461 943 2538 presentem
959 2457 1117 2541 paginam
1133 2459 1240 2546 inspe-

121 2567 224 2632 cturis
241 2565 380 2632 salutem
404 2561 437 2625 in
463 2561 600 2627 omnium
613 2563 791 2628 saluatore.
811 2562 853 2626 Vt
879 2565 981 2646 gestis
999 2563 1162 2630 hominum
1181 2569 1242 2636 rite

120 2671 435 2752 racionabiliterquc
458 2669 626 2756 ordinatis,
654 2669 814 2734 effrenata
829 2670 1004 2755 cupiditas,
1022 2674 1072 2737 sui
1089 2676 1239 2761 prodiga,

119 2783 218 2867 pacis
233 2762 349 2863 emnia,
368 2777 600 2866 calumpnicsis
621 2758 699 2843 suis
717 2779 891 2846 conatibus
908 2785 939 2844 et
957 2783 1121 2848 consuetis
1138 2784 1171 2848 in
1188 2785 1241 2850 t‘u·

119 2901 229 2958 torum
245 2890 375 2954 minime
391 2895 490 2970 queat
510 2885 683 2952 nouercari
699 2907 756 2952 sev
778 2903 903 2960 nocere,
929 2885 1005 2972 ipsa
1021 2889 1064 2954 ad
1082 2895 1242 2959 cautelam

118 2998 311 3088 patrocinio
328 2998 507 3064 litterarum
530 3001 766 3062 consueuerant
782 2995 939 3061 roborari.
959 2997 1099 3062 Proinde
1114 2999 1159 3065 ad
1175 3002 1241 3067 vni-

116 3127 286 3176 uerscrum
302 3105 457 3171 noticiam
483 3109 550 3168 tam
576 3105 787 3186 presenciam
813 3124 911 3188 qoam
931 3104 1109 3171 futurorum
1128 3107 1240 3175 harum

117 3219 205 3286 serie
223 3215 372 3284 volumus
387 3213 569 3298 peruenire,
588 3213 676 3295 quod
693 3212 813 3280 nobilis
833 3214 883 3278 vir
899 3213 1056 3298 magister
1072 3213 1239 3301 Nicolans,

116 3327 204 3393 filius
222 3325 346 3410 Mykud
373 3323 458 3390 Bani
467 3373 477 3408 ,
494 3322 538 3386 ad
554 3319 700 3388 nostram
725 3322 888 3388 accedens
904 3323 1118 3406 presenciam,
1136 3345 1238 3408 quan-

116 3434 196 3501 dam
212 3441 335 3500 terram
346 3451 438 3496 suam
454 3419 715 3518 Mokoutelukey
731 3439 881 3498 vocatam
891 3431 984 3496 iuxta
1004 3433 1111 3500 Morus
1127 3435 1162 3500 in
1179 3437 1238 3503 (lo-

117 3545 236 3610 mitato
251 3539 398 3626 Albensi,
413 3560 516 3624 prope
534 3541 667 3624 Bagach
686 3541 901 3636 existentem,
919 3559 989 3606 cum
1010 3542 1160 3608 omnibns
1177 3543 1237 3607 vti·

116 3652 268 3718 litatibns
284 3652 362 3735 suis,
379 3649 646 3734 etpertinencijs‚
663 3647 755 3714 iuxta
770 3637 898 3716 veteres
909 3654 1013 3718 metas
1027 3657 1059 3714 et
1075 3652 1237 3737 antiquas,

116 3761 238 3846 quibus
254 3759 331 3856 ipsa
347 3765 435 3822 terra
451 3744 510 3858 per
533 3757 660 3842 priores
676 3775 753 3822 suos
770 3775 982 3839 possessores
998 3756 1103 3822 extitit
1120 3759 1163 3824 ab
1179 3781 1236 3826 an-

115 3869 209 3961 tiquo
225 3867 387 3951 limitata,
413 3865 552 3950 pacifice
562 3915 583 3962 ‚¹
598 3874 631 3930 et
652 3855 829 3950 possessa,
846 3885 920 3930 oum
938 3887 1002 3930 vna
1017 3866 1103 3932 silua
1117 3868 1236 3935 Sumus

116 3985 250 4060 uocata,
271 3983 391 4042 etcum
409 3973 584 4040 medietate
605 3973 742 4040 alterius
759 3973 842 4040 silue
859 3993 927 4052 sue,
945 3977 976 4038 in
991 3975 1058 4040 alia
1075 3985 1162 4042 terra
1175 3997 1236 4043 soa

117 4086 236 4168 Hasag
251 4091 460 4168 nuncupata,
485 4081 636 4148 vendidit
660 4067 816 4167 magistro
842 4082 1001 4148 Clementi
1017 4083 1234 4154 concanonico

116 4202 231 4263 nostro
256 4199 289 4258 et
313 4211 373 4276 per
390 4211 463 4258 eum
479 4191 547 4258 suis
567 4192 727 4275 cognatis,
744 4193 861 4274 quibus
878 4192 963 4258 idem
988 4191 1159 4278 ordinabit,
1177 4213 1235 4278 pro

116 4303 255 4390 triginta
271 4299 390 4366 marcis
415 4299 471 4366 fini
488 4302 627 4386 argenti,
654 4301 801 4386 plenarie
827 4298 976 4366 similiter
1001 4321 1113 4368 coram
1138 4303 1234 4370 nobis

118 4409 251 4494 habitis,
268 4407 445 4496 persolutis
472 4414 503 4472 et
519 4405 669 4492 receptis,
686 4429 744 4492 per
760 4407 949 4490 magistrum
975 4407 1146 4477 Nicolaum
1163 4431 1233 4494 pre-

118 4523 275 4601 notatam,
293 4519 362 4581 iure
374 4524 531 4602 perpetuo
543 4523 575 4580 et
591 4515 847 4583 irrevocabiliter
864 4513 1108 4602 possidendam,
1125 4525 1157 4583 et
1178 4519 1233 4583 ba·

118 4623 269 4690 bendam.
287 4625 446 4708 Obligans
463 4643 499 4690 se
515 4623 601 4690 idem
625 4627 782 4706 magister
797 4625 963 4704 Nicolaue,
979 4627 1014 4690 vt
1029 4623 1150 4689 dictum
1166 4646 1232 4689 ma·
1329 4669 1337 4684 ,

1025 4750 1072 4814 9*
