3166 5238
882 329 1039 430 „Q

407 527 466 594 hoe
482 527 725 612 possidendam,
742 529 913 597 tenendam
931 513 1167 596 ethabendam.
1185 526 1347 612 volentes,
1357 531 1393 594 vt
1408 525 1517 593 nullus

406 638 521 705 (lomes
538 637 771 722 Supruniensis
791 657 849 722 pro
874 644 1019 724 tempore
1035 637 1237 719 constitutus,
1254 654 1315 703 nee
1332 635 1432 703 eciam
1459 633 1516 718 alij

406 745 518 831 aliqui,
539 744 703 832 predictos
730 745 832 828 ciues,
857 745 944 812 idest
968 741 1113 830 hospites
1138 749 1266 810 nostros
1290 745 1330 811 de
1355 742 1515 826 Suprnnio

325 885 334 914 s
405 853 536 921 racione
551 853 737 922 medietatis
753 853 863 923 tributi
879 852 1019 938 predicti
1035 858 1068 917 et
1083 851 1256 920 utilitatum
1271 871 1402 918 suarum
1418 850 1517 935 impe-

405 969 474 1027 tere
491 961 612 1030 audeat
621 966 692 1030 sine
702 962 806 1028 eciam
823 961 1010 1030 molestare.
1023 959 1061 1026 In
1078 961 1168 1027 ouius
1185 960 1231 1027 rei
1249 960 1438 1026 memoriam
1448 976 1517 1040 per·
1532 1021 1536 1034 ,

403 1077 599 1156 potuumque
616 1068 802 1136 firmitatem
819 1075 991 1153 presentes
1011 1069 1230 1136 concessimus
1248 1069 1374 1134 litteras
1392 1068 1515 1152 duppli-

402 1178 450 1247 cis
466 1173 569 1264 sigilli
585 1182 684 1246 nostri
703 1180 877 1245 munimine
893 1178 1071 1244 roboratas.
1098 1177 1217 1242 Datum
1243 1197 1299 1260 per
1318 1195 1434 1244 manus
1454 1173 1515 1240 dis-

403 1289 480 1353 creti
496 1289 555 1354 viri
574 1287 721 1372 magistri
741 1287 892 1373 Gregorij
912 1287 1064 1354 Albensis
1081 1287 1226 1354 Ecclesia
1244 1286 1349 1353 Eleoti
1360 1284 1472 1350 dilecti
1488 1289 1515 1345 et

403 1393 509 1461 fidelis
528 1395 636 1476 nostri,
648 1415 732 1461 anno
744 1393 876 1462 Domini
891 1393 941 1458 Μ0
952 1393 1022 1462 00⁰
1038 1394 1248 1478 nonagesimo
1265 1391 1417 1476 septimo,
1430 1391 1514 1473 qnin-

402 1501 564 1570 todeoimo
595 1503 758 1568 kalendas
789 1501 1005 1584 Novembris,
1030 1500 1134 1584 Regni
1159 1507 1267 1566 autem
1298 1499 1402 1568 nostri
1432 1517 1513 1564 anno

404 1619 531 1678 octauo.

402 1807 548 1878 (Eredetie
561 1805 650 1880 fiiggd
662 1803 803 1877 peesdttel
814 1802 944 1875 Soprouy
956 1802 1040 1860 varos
1050 1801 1259 1860 lovelttrtban.
1277 1807 1390 1857 Hatoant
1401 1803 1513 1868 Mitdlp.)

828 2095 1088 2108 quum—*u-

927 2641 984 2711 46.

403 2845 468 2915 ΙΙΙ.
489 2845 595 2911 Euclea
614 2843 756 2928 bicdlyo
781 2843 927 2928 soprouyr'
946 2838 1135 2926 polyeuctos
1158 2837 1365 2926 ccdmfleetes
1380 2833 1444 2903 atel
1454 2833 1514 2924 fel-

854 2949 955 3012 meati.
974 2947 1070 3016 1297.

509 3148 660 3216 Andreas
669 3148 734 3216 Dei
745 3144 857 3232 gracia
867 3145 1046 3231 Hungarie,
1057 3147 1236 3232 Dalmacie,
1249 3143 1395 3222 (troanie,
1406 3147 1514 3226 Rama,

402 3258 525 3342 Seruis,
539 3255 687 3334 Gallicie,
704 3254 902 3339 Lodomerie,
920 3254 1084 3338 Cumania,
1095 3254 1312 3340 Bulgarieque
1322 3254 1405 3337 Rex,
1421 3254 1516 3320 omni·

402 3369 464 3434 bns
481 3365 601 3433 Christi
615 3363 760 3431 fidelibus
786 3369 853 3430 tam
869 3365 1075 3448 presentibus
1101 3384 1197 3447 quam
1221 3363 1338 3432 futuris
1364 3363 1515 3432 noticiam

403 3475 609 3561 presencium
634 3472 795 3540 habituris
821 3472 962 3542 salutem
986 3473 1017 3536 in
1035 3471 1174 3541 Domino
1200 3473 1442 3558 sempiternam.
1466 3471 1515 3539 hd

403 3585 625 3650 uniuersorum
641 3581 793 3650 noticiam
820 3580 933 3649 harum
951 3584 1035 3650 serie
1051 3583 1199 3649 volumus
1216 3581 1407 3666 pervenire,
1431 3579 1516 3663 qnod

404 3711 475 3760 cum
493 3695 581 3760 cives
597 3711 656 3759 seu
671 3692 819 3776 hospites
843 3691 948 3758 nostri
964 3692 1005 3758 de
1024 3693 1186 3776 Suprunio
1212 3696 1350 3776 propter
1367 3709 1515 3776 guerram

404 3801 508 3884 Regni
525 3801 630 3866 nostri
644 3800 855 3867 intrinsecam
866 3806 898 3864 et
915 3799 1106 3868 discrimina
1117 3799 1242 3867 riarum
1259 3820 1280 3865 a
1296 3800 1406 3866 multis
1419 3805 1514 3866 retro·

405 3908 510 3993 lapsis
526 3908 724 3995 temporibus
741 3927 800 3992 pro
817 3907 1013 3990 acquirendo
1031 3908 1200 3976 commodo
1224 3910 1367 3995 ipsorum
1384 3915 1418 3974 et
1431 3908 1514 3976 victu

404 4037 463 4103 per
480 4017 635 4086 ambitum
650 4017 758 4102 Regni
782 4016 884 4082 nostri
900 4015 1075 4102 procedere
1097 4037 1157 4101 pro
1186 4017 1407 4104 mercimonijs
1431 4019 1514 4103 ipso-

405 4147 476 4193 rum
500 4125 732 4194 contrahendis
754 4143 845 4190 more
862 4125 1040 4208 antiquitus
1067 4133 1225 4194 consueto
1250 4127 1465 4212 nequiuerint,
1487 4130 1514 4191 et

406 4233 447 4299 ob
474 4232 534 4297 hoo
561 4231 659 4300 iidem
685 4232 833 4318 hospites
858 4233 962 4300 nostri
986 4233 1082 4301 rebus
1111 4234 1347 4318 temporalibus
1373 4235 1513 4302 destituti

407 4339 473 4405 sint
489 4346 520 4406 et
537 4343 686 4426 oppressi
703 4344 917 4426 paupertate;
942 4359 1002 4408 uos
1018 4359 1059 4406 ex
1075 4340 1176 4410 officii
1192 4344 1298 4410 nostri
1314 4344 1425 4410 debito
1440 4344 1512 4410 rele-

408 4448 531 4515 uamini
558 4449 715 4518 dictorum
741 4449 906 4534 hospitum
922 4455 1104 4518 nostrorum
1129 4471 1171 4518 ex
1190 4451 1296 4536 Regia
1319 4450 1511 4539 benignitate

408 4549 575 4641 cupientes
592 4560 776 4644 prouidere,
792 4567 827 4628 ut
842 4560 985 4645 ipsorum
1001 4557 1112 4645 inopie
1130 4563 1337 4644 consulatur,
1358 4561 1441 4628 banc
1456 4560 1510 4628 eis-

407 4663 482 4734 dem
499 4665 680 4752 hospitibus
697 4669 817 4736 nostris
842 4670 883 4736 de
901 4665 1062 4753 Supruuio
1090 4671 1236 4754 graciam
1262 4669 1439 4754 specialem
1454 4669 1506 4737 du-
