3166 5238
572 1011 642 1078 na.

58 1226 118 1291 ΙΙΙ.
136 1226 245 1291 Eadre
266 1250 286 1291 a
295 1223 397 1312 fertr'r'c'
414 1223 571 1311 felodmct
590 1224 735 1313 Soprony
760 1229 851 1292 vdroe
861 1223 1018 1311 salciccle
1042 1224 1174 1310 aitpoet-

375 1336 486 1398 rasam
501 1333 742 1419 odorariayoazc.
760 1333 856 1398 1297.

162 1548 313 1616 Andreas
325 1547 387 1613 Dei
398 1549 510 1630 gracia
520 1546 699 1630 Hungarie,
712 1547 893 1629 Dalmaeie,
906 1543 1052 1632 Oroaoie,
1064 1546 1174 1628 Reme,

59 1657 183 1736 Seruio,
203 1655 349 1738 Gallicie,
366 1655 572 1736 Lodomerie,
602 1655 766 1739 Comanie,
786 1656 1005 1739 Bnlgarieque
1022 1656 1092 1720 Rex
1109 1674 1175 1726 om÷

58 1766 153 1832 nibus
171 1765 294 1834 Christi
310 1764 459 1832 fidelibus
476 1771 542 1830 tarn
562 1765 771 1849 presentibus
785 1784 880 1848 qnam
891 1763 1006 1830 futuris
1023 1762 1176 1828 noticiam

58 1875 265 1958 presencium
290 1872 447 1938 habituris
474 1875 614 1939 salntem
640 1873 672 1938 in
698 1873 840 1939 Domino
868 1871 1109 1954 sempiternam.
1125 1869 1176 1934 Ad

58 1981 281 2048 rniuersorum
307 1987 420 2046 tenore
436 1981 642 2064 presencium
660 1981 815 2048 noticiam
832 1979 979 2048 uolumus
995 1979 1175 2063 peruenire,

57 2088 143 2171 qood
160 2107 233 2155 curn
249 2108 309 2154 nos
319 2090 353 2153 in
364 2086 530 2153 ciuitatem
538 2094 683 2154 nostram
694 2088 947 2173 Suprnniensem
963 2088 1176 2172 uenissemue,

58 2204 90 2262 et
104 2201 342 2285 paupertatem,
353 2198 496 2282 inopiam
512 2217 571 2263 seu
588 2197 831 2284 depressionem
848 2198 965 2264 ciuium
982 2217 1021 2264 ac
1032 2196 1174 2264 omniurn

56 2305 223 2390 hospitum
233 2313 415 2372 nostrorum
426 2305 459 2372 in
470 2305 728 2372 eademeiultate
739 2311 852 2372 nostra
864 2305 1077 2389 Suprnniensi
1088 2323 1172 2369 com-

57 2409 266 2496 morancium,
282 2429 406 2476 necnon
419 2430 579 2476 murorum
597 2411 743 2478 eiusdem
755 2411 898 2477 ciuitatis
914 2409 1175 2478 confraccionem

58 2540 97 2588 ex
111 2521 215 2587 nimia
226 2519 430 2603 antiquitate,
447 2529 480 2586 et
497 2522 605 2604 operis
624 2527 819 2588 vetustatem
837 2519 1042 2602 vidissemus,
1053 2521 1176 2604 inopie·

58 2648 118 2711 que
145 2648 207 2695 seu
233 2630 422 2712 paupertati
447 2630 592 2714 ipsorum
611 2629 728 2696 ciuium
755 2637 934 2696 nostrornm
952 2630 992 2695 de
1017 2628 1176 2713 Supronio

57 2737 244 2805 huiusmodi
261 2737 495 2822 compaciendo
520 2746 553 2804 et
577 2757 739 2804 murorum
755 2738 1024 2812 confraneionem,
1045 2745 1078 2804 et
1093 2755 1176 2821 ope-

56 2847 100 2912 ris
116 2850 317 2912 vetustatem
334 2847 480 2912 eiusdem
497 2846 640 2913 ciuitatis
651 2854 766 2913 nostre
773 2849 935 2914 intuentes
947 2847 1175 2929 doluissemus,

57 2957 290 3040 cupientesque
306 2975 345 3020 ex
371 2955 471 3022 animi
496 2955 599 3022 nostri
624 2954 788 3022 desiderio
813 2955 902 3022 circa
929 2954 1177 3042 reparationem

56 3084 94 3128 ec
120 3083 288 3130 murorum
314 3065 566 3130 renouacionem
587 3063 735 3148 predicte
755 3064 898 3131 ciuitatis
924 3069 1035 3130 nostre
1058 3062 1176 3146 inuigi-

55 3173 136 3259 lare,
154 3191 281 3240 necnon
297 3172 417 3258 inopie,
433 3169 622 3257 paupertati
638 3191 698 3238 seu
715 3173 921 3256 oppressioni
939 3172 1116 3240 eorundem
1132 3170 1177 3238 ci-

56 3281 142 3346 uium
160 3299 221 3346 seu
235 3279 398 3365 hospitum
423 3278 578 3364 remedijs
595 3280 784 3364 opportunis
809 3281 993 3347 donatione
1018 3299 1059 3345 ex
1074 3279 1175 3344 muni·

54 3389 196 3456 licencia
211 3387 316 3474 Regia
331 3388 518 3473 prospicere
534 3394 566 3452 et
582 3389 707 3472 pariter
722 3389 905 3472 prouidere,
922 3395 957 3456 vt
973 3409 1013 3456 ex
1030 3390 1175 3480 ipsorum

6 3495 9 3500 ’
55 3495 174 3560 ciuium
192 3501 277 3560 statu
288 3547 297 3579 ,
314 3494 483 3560 commodo
500 3498 533 3558 et
556 3493 731 3577 apuleneia
754 3496 858 3562 honor
874 3495 995 3579 Regius
1014 3515 1170 3580 angmen-

54 3609 140 3670 tetur
159 3609 193 3667 et
207 3601 312 3686 Regie
328 3600 492 3669 Maiestati
507 3601 662 3669 honorem
688 3602 877 3686 impendere
892 3603 1018 3691 possint
1037 3604 1172 3688 amplio-

53 3732 141 3798 rem;
160 3710 370 3776 medictatem
386 3709 499 3776 tributi
516 3709 557 3776 de
576 3708 704 3798 Fertor,
726 3730 823 3795 quarn
841 3712 991 3782 dominns
1007 3716 1078 3780 'Rex
1094 3713 1175 3778 Bela

53 3821 237 3888 auunculus
261 3825 370 3885 noster
394 3819 492 3885 beate
519 3819 672 3887 memorie
696 3840 754 3905 pro
771 3822 1027 3890 conseruaoione
1043 3808 1178 3887 turrium

53 3930 156 3996 castri
182 3926 413 4012 Supruniensis
429 3926 568 4012 predicti
584 3927 739 4014 donauit;
756 3926 973 3998 donacionem
993 3928 1178 3997 huiusmodi

54 4033 269 4104 attendentes
285 4053 360 4102 esse
374 4032 481 4101 minus
497 4035 626 4120 vtilem,
654 4037 857 4121 presencium
884 4039 1079 4107 anctoritate
1104 4057 1177 4125 pre·

56 4144 195 4213 missam
211 4144 426 4210 donacionem
443 4141 603 4210 irritando
629 4163 830 4230 reuocamus,
855 4154 888 4215 ct
905 4149 1042 4215 candem
1058 4146 1177 4213 medie-

54 4259 158 4324 tatem
173 4252 288 4320 tribnti
304 4271 378 4318 cnm
388 4251 536 4320 omnibus
553 4252 746 4322 utilitatibus
763 4263 795 4322 et
819 4255 1031 4343 pertinencijs
1047 4255 1116 4323 suis
1132 4255 1176 4324 ei·

52 4363 150 4430 nibus
167 4381 225 4429 eeu
241 4361 427 4446 hospitibus
452 4360 616 4430 uniuersis
633 4364 675 4432 de
691 4364 853 4455 Snprnnio
871 4367 915 4436 ad
929 4386 1024 4436 reum
1041 4374 1074 4434 et
1087 4363 1172 4433 vrili-

53 4480 158 4539 tatem
174 4491 375 4540 communem
386 4520 396 4557 ,
421 4476 453 4537 et
476 4491 534 4557 pro
559 4474 777 4545 renovaeione
805 4475 950 4544 ciuitatis
976 4484 1087 4544 nostre
1101 4493 1175 4561 pre·

53 4581 142 4651 dicte
158 4603 198 4650 ac
213 4601 377 4649 murorum
387 4580 488 4651 castri
497 4583 711 4670 reparacione
722 4583 883 4672 dedimus,
894 4587 1097 4673 donanimus,
1108 4593 1173 4654 tra·

53 4691 198 4760 didimus
223 4697 256 4759 ct
273 4689 464 4761 contulimus
479 4676 549 4761 iore
564 4698 720 4782 perpetuo
747 4703 780 4764 et
804 4696 1063 4766 irrevocabiliter
1089 4699 1176 4784 paci·
