3188 5238
858 309 1007 410 jua-

374 507 495 574 domini
511 507 707 588 Praestabis,
734 504 891 590 Consilii,
909 506 1095 574 Communis
1113 511 1145 572 et
1160 507 1327 576 hominum
1347 507 1487 592 Spalati,

374 623 408 684 et
422 637 481 704 pro
497 617 579 704 ipsis
604 615 754 686 omnibus
781 617 942 701 solempni
967 615 1185 702 stipulacione
1201 617 1430 701 promiserunt,
1452 635 1486 682 se

374 724 520 794 facturos
538 732 572 792 et
588 732 758 794 curaturos
775 727 862 792 omni
886 727 1087 812 exeepcione
1104 733 1137 792 et
1153 727 1328 795 occasione
1345 725 1489 812 remotis,
1577 747 1578 804 r

374 834 460 917 quod
477 833 641 920 predictus
658 833 807 901 dominus
825 835 943 902 Comes
960 833 1122 918 Georgius
1140 841 1206 900 tam
1219 854 1278 901 sno
1294 835 1438 919 nomine,
1456 841 1486 900 et

374 943 689 1026 suorumhominum‚
708 943 981 1025 qnamhominum
1000 955 1031 1008 ct
1042 941 1228 1010 Communis
1238 942 1376 1024 dimisti,
1395 939 1489 1008 firma
1576 963 1578 1030 ς

374 1061 406 1120 et
423 1062 495 1122 rata
510 1051 648 1120 habebit
665 1058 696 1118 et
714 1051 918 1138 adimplebit,
935 1052 1045 1118 omnia
1061 1059 1093 1118 et
1110 1054 1240 1139 singula
1251 1052 1488 1137 suprascripta,
1575 1031 1578 1112 i

373 1169 406 1228 et
421 1162 566 1245 quelibet
582 1180 703 1244 eorum,
729 1169 762 1226 et
778 1181 844 1228 non
861 1160 1075 1226 contrafaciet
1085 1212 1094 1246 ,
1111 1163 1164 1229 vel
1180 1162 1291 1228 veniet
1307 1159 1424 1243 aliqua
1441 1180 1489 1222 ra·
1577 1199 1578 1252 i

374 1270 488 1351 aione,
503 1271 636 1358 ingenio
654 1270 723 1336 sive
740 1288 843 1336 eausa
868 1267 909 1334 de
920 1270 995 1354 jure
1011 1271 1064 1336 vel
1081 1269 1122 1334 de
1139 1269 1246 1352 laeto,
1271 1269 1331 1338 snb
1349 1287 1440 1352 pena
1456 1269 1489 1332 li·
1577 1277 1578 1336 ἶ

371 1381 503 1448 brarum
519 1381 615 1446 trium
641 1378 777 1444 millium
801 1376 1005 1444 denariorum
1023 1379 1219 1444 Venetorum
1247 1397 1424 1463 parvorum
1441 1394 1491 1442 so·
1577 1381 1578 1456 ζ

370 1487 469 1554 lemni
486 1487 705 1572 stipulacione
722 1487 905 1573 promissa,
932 1493 966 1552 et
982 1484 1190 1570 obligaeioue
1216 1487 1360 1552 omnium
1388 1486 1490 1550 bono-

371 1617 440 1664 rum
451 1595 637 1665 Communis
654 1594 860 1663 othoninum
883 1594 1022 1678 Spoleti,
1034 1593 1200 1660 mobilium
1214 1599 1245 1660 et
1264 1593 1489 1676 immobilium,

372 1706 578 1793 presencium
604 1711 635 1768 et
651 1703 841 1770 futurorum.
867 1704 949 1768 Item
965 1701 1080 1768 codem
1097 1702 1191 1767 modo
1211 1703 1339 1770 nobiles
1358 1701 1422 1769 viri
1439 1702 1490 1768 do·

373 1815 451 1882 mini
478 1813 677 1882 Laureneius
703 1811 744 1877 de
760 1810 918 1880 Zeualclli
938 1809 1027 1877 divis
1053 1808 1154 1876 Jadre
1178 1809 1392 1895 fidejubendo
1409 1815 1490 1876 etse
1577 1801 1578 1804 ’

374 1945 433 2011 pro
448 1923 603 2010 predictis
620 1928 652 1990 et
671 1920 815 2006 quolibet
832 1919 1049 2006 predictorum
1067 1937 1125 2004 pro
1142 1916 1228 1985 dicto
1245 1917 1373 1986 Gemite
1391 1917 1489 1984 Geor·

374 2033 428 2120 gic
444 2033 669 2121 principaliter
688 2029 865 2114 obligando
882 2029 915 2094 in
942 2027 1034 2095 libris
1061 2033 1093 2092 et
1108 2046 1167 2112 pro
1184 2026 1276 2093 libris
1292 2025 1489 2112 octingentis

373 2140 575 2209 denariorum
591 2140 787 2206 Venetorum
802 2154 995 2222 parvorum3
1013 2135 1130 2204 Gallus
1147 2134 1225 2200 olim
1242 2134 1368 2200 domini
1384 2134 1486 2202 earne

374 2249 415 2315 de
430 2247 557 2332 Mergia
572 2247 660 2316 Civis
684 2243 856 2314 ledrensis
872 2242 1080 2328 fidejubendo
1097 2250 1130 2308 et
1147 2262 1183 2310 se
1200 2263 1259 2328 pro
1281 2242 1442 2328 predictis
1459 2250 1488 2308 et

375 2357 519 2441 quolibet
535 2355 750 2442 predictorum
771 2352 1000 2440 principaliter
1025 2350 1202 2440 obligando
1219 2353 1252 2418 in
1270 2351 1364 2419 libris
1383 2359 1417 2418 et
1432 2371 1485 2436 pro

374 2469 466 2535 libris
482 2465 701 2552 septingentis
728 2463 933 2529 denariorum
958 2465 1157 2530 Venetorum
1174 2479 1369 2548 parvorum;
1391 2461 1486 2528 demi-

375 2597 435 2644 nus
451 2575 631 2645 Domaldus
658 2573 700 2640 de
716 2571 906 2643 Gandolinis
932 2571 1020 2643 civis
1035 2571 1207 2642 Jadrensis
1232 2570 1440 2657 fidejubendo
1455 2577 1484 2634 et

375 2705 412 2753 se
429 2705 487 2772 pro
512 2683 667 2771 predictis
694 2689 726 2748 et
754 2679 900 2764 quolibet
924 2679 1146 2764 predictorum
1171 2699 1230 2766 pro
1249 2679 1336 2746 dieto
1364 2679 1485 2748 Gemite

375 2794 515 2878 Georgic
531 2789 756 2880 principaliter
775 2788 952 2873 obligando
971 2788 1108 2858 inlibris
1126 2793 1159 2856 et
1174 2808 1232 2875 pro
1248 2785 1341 2855 libris
1357 2806 1481 2855 sexcen-

373 2903 416 2971 tis
436 2902 642 2970 denariorum
651 2902 850 2968 Venetorum
859 2915 1048 2984 parvorum
1068 2897 1220 2964 dominus
1236 2895 1398 2964 Dessade
1412 2896 1485 2963 sas-

375 3031 476 3096 sogna
486 3010 575 3078 (iivis
591 3007 763 3076 ledrensis
784 3005 1005 3093 fidejubendo,
1023 3011 1108 3073 etse
1123 3025 1181 3092 pro
1197 3003 1356 3092 predictis
1372 3011 1404 3072 et
1415 3024 1486 3089 quo-

309 3131 313 3140 '
375 3122 455 3187 libet
471 3119 688 3205 predictorum
703 3138 761 3204 pro
775 3100 864 3184 'dioto
876 3100 999 3186 Oom'ite
1016 3115 1152 3201 Georgio
1167 3115 1397 3201 principaliter
1412 3113 1486 3182 obli-

376 3229 485 3316 gando
499 3229 534 3294 in
549 3227 640 3294 libris
658 3235 688 3294 et
705 3247 764 3312 pro
779 3225 873 3293 libris
893 3227 1056 3294 sexcentis
1066 3226 1278 3294 denariorum
1291 3227 1487 3293 Venetorum

245 3371 246 3375 ¹
375 3331 1487 3425 parvorum3BercbodeGrisogonodeMauroOivisJadrensislide

371 3446 529 3532 jubendo,
546 3451 580 3511 et
595 3463 631 3512 se
646 3465 706 3530 pro
722 3443 880 3529 predictis
897 3449 929 3509 ct
945 3444 1092 3528 quolibet
1107 3443 1325 3530 predictorum
1335 3465 1395 3530 pro
1405 3443 1486 3510 dicto

375 3553 500 3622 Gemite
516 3553 657 3636 Georgic
673 3553 900 3638 principaliter
926 3553 1101 3636 obligando
1118 3555 1150 3619 in
1167 3553 1260 3620 libris
1278 3561 1311 3622 et
1326 3573 1384 3640 pro
1400 3553 1486 3622 libris

374 3661 623 3747 quadringentis
634 3661 837 3730 denariorum
854 3663 1053 3729 Venetorum
1069 3682 1263 3748 parvorum3
1281 3661 1487 3732 Bivoldusde

374 3773 520 3853 Batone,
546 3769 656 3838 Micha
680 3759 811 3839 Domini
835 3770 952 3839 Jacobi
978 3770 1019 3837 de
1035 3771 1226 3860 Scolatnra,
1254 3781 1287 3839 ct
1302 3773 1485 3858 Stephanus

375 3880 453 3946 olim
468 3875 586 3945 Marini
602 3877 644 3945 de
654 3877 753 3961 Labe,
764 3874 1048 3947 civesJadrenses¹
1061 3877 1269 3964 fidejubendo
1286 3881 1424 3965 quilibet
1439 3899 1486 3947 eo·

374 4006 442 4054 rum
469 3995 555 4055 etse
580 3991 639 4074 pre
664 3987 822 4074 predictis
849 3995 882 4056 et
902 3990 1048 4072 quolibet
1072 3991 1292 4076 predictorum
1317 4013 1377 4077 pro
1402 3991 1484 4059 dieto

375 4095 502 4166 demite
529 4096 670 4184 Georgio
696 4097 922 4184 principaliter
938 4097 1130 4184 obligando,
1155 4099 1291 4186 quilibet
1316 4121 1425 4167 eorum
1455 4102 1482 4166 in

373 4205 467 4272 libris
483 4211 516 4273 et
529 4225 588 4291 pro
604 4207 698 4274 libris
709 4207 861 4273 tercentis
872 4206 1079 4275 denariorum
1090 4210 1286 4276 Venetorum
1296 4228 1482 4295 parvorum

375 4319 408 4381 ct
425 4332 536 4381 omnes
552 4321 583 4380 et
609 4314 744 4398 quilibet
771 4333 882 4382 eorum
899 4335 935 4381 se
960 4315 1151 4402 obligando,
1170 4323 1205 4382 ut
1220 4318 1342 4384 dictum
1359 4325 1419 4400 est,
1436 4341 1480 4386 so

374 4424 494 4509 lempni
504 4423 722 4510 stipulacione
733 4425 950 4510 promiserunt
966 4446 1026 4510 pro
1043 4445 1079 4493 se
1091 4432 1125 4492 et
1141 4447 1250 4494 eorum
1267 4433 1301 4495 et
1317 4429 1481 4514 cujuslibet

375 4551 488 4603 eorum
502 4531 678 4601 heredibus
696 4543 729 4604 et
739 4535 982 4602 suecessoribus
998 4535 1085 4603 dicto
1100 4535 1230 4604 domino
1240 4537 1383 4622 Rogerio
1399 4539 1479 4604 Mau·

352 4637 357 4648 '
374 4663 502 4730 roceno,
521 4645 661 4731 egregio
683 4645 832 4715 Iadrensi
852 4645 980 4730 domiti,
996 4646 1168 4734 recipienti
1184 4647 1400 4733 etstipulanti
1416 4648 1480 4715 viee
