3166 5238
610 305 766 410 Q

126 513 216 580 una,
234 503 267 564 et
282 499 368 566 viros
385 498 512 566 nobiles
529 521 568 568 ao
583 501 750 592 discretos,
769 502 929 571 dominum
947 506 1190 574 Benevenutum
1206 505 1247 572 de

124 604 303 690 Campesio
327 607 855 698 111110111111Ρ1ο111111111,11
877 614 1041 680 dominum
1062 611 1244 681 lohannom

124 713 169 778 de
188 714 309 780 Sanolo
326 715 446 784 Sabino
456 767 465 800 ,
491 719 706 790 Consiliarios
724 729 757 788 et
773 721 954 788 familiares
970 741 1011 790 ao
1027 720 1187 806 spetiales
1204 720 1248 790 ad

123 823 192 890 hoo
207 823 436 894 Procuratores
453 833 485 891 et
501 829 655 913 Nunoios‚
681 832 768 912 quod
785 829 938 910 constitit,
956 831 1096 898 virorum
1112 829 1245 898 illustri-

123 952 182 998 um
200 931 323 1000 domini
333 932 500 1002 Humberti
511 935 671 1020 Dalpbini
684 938 879 1004 Viennensis
900 945 932 1004 et
952 937 1088 1004 Albanis
1110 939 1245 1006 Comitis

122 1039 323 1125 Dominique
340 1041 380 1110 de
396 1040 518 1131 Turre,
545 1067 585 1114 ao
600 1047 763 1116 Johannis
781 1046 939 1131 Dalphini
964 1047 1172 1133 primogeniti
1195 1047 1246 1116 sui

124 1169 189 1234 pro
216 1148 330 1216 eodem
354 1150 569 1240 primogenito
595 1175 635 1222 ex
656 1155 772 1222 altera.
789 1156 965 1222 Traotatus
982 1162 1032 1222 111
1056 1155 1187 1222 habitus
1204 1157 1246 1222 de

123 1256 340 1342 sponsalibus
357 1267 389 1325 et
405 1261 620 1345 matrimonio,
639 1281 696 1330 suo
714 1271 860 1348 tempore
877 1261 1107 1344 contrahendo,
1125 1269 1247 1348 etpost

123 1369 240 1434 varios
258 1367 385 1434 habitos
403 1389 443 1434 ex
459 1370 535 1464 hino
552 1377 583 1438 et
599 1371 673 1436 inde
691 1379 868 1453 tractatus,
896 1371 972 1438 talis
992 1369 1119 1436 demum
1137 1377 1245 1439 mutuo

124 1475 238 1541 finalis
256 1475 332 1543 inde
349 1477 524 1544 eoncordia
550 1486 599 1545 est
619 1487 751 1564 seeuta;
769 1479 941 1559 videlieet,
967 1478 1054 1561 quod
1080 1476 1245 1564 prediatus

124 1583 280 1650 dominus
298 1585 366 1650 11111
378 1604 436 1668 per
449 1587 617 1672 egregium
627 1587 732 1656 virum
750 1587 914 1655 dominum
925 1587 1190 1654 Bartholomeum
1205 1585 1246 1650 do

125 1691 254 1775 Capua,
272 1691 489 1774 Logolhetum
506 1704 539 1760 et
554 1695 812 1764 Protonotarium
826 1694 932 1780 Regni
948 1693 1068 1776 Sioilie,
1086 1693 1244 1761 Consilia·

123 1801 212 1866 rium
228 1807 259 1868 et
274 1800 470 1870 familiarem
486 1823 589 1885 snum,
607 1807 703 1889 plena
718 1805 805 1888 inde,
823 1805 911 1886 quod
926 1803 989 1873 sibi
1009 1803 1164 1882 eonstitit,
1181 1809 1244 1868 tra-

76 1959 80 1964 .
124 1909 199 1977 dita
215 1913 378 1994 potestate
394 1911 542 1996 promisit
558 1931 595 1979 sa
611 1913 771 1980 fauturum
788 1919 820 1978 et
848 1897 1032 1980 curaturum
1048 1911 1198 1994 legaliter
1213 1915 1247 1978 et

123 2018 308 2103 bonafide,
326 2019 410 2102 quod
426 2023 662 2107 quamprimum
679 2043 738 2108 pro
756 2028 842 2088 etate
858 2023 989 2107 lioebit,
1007 2023 1096 2090 diota
1113 2020 1245 2086 domina

123 2129 262 2194 Beatrix
279 2129 464 2196 oonsenoiet
490 2131 524 2196 in
550 2132 696 2200 eumdem
713 2132 896 2199 lohannem
918 2132 1136 2218 Delphinum,
1162 2135 1245 2194 tam-

124 2260 226 2323 quam
244 2240 277 2304 in
294 2260 384 2308 suum
402 2259 556 2327 sponsum
573 2249 606 2308 et
623 2242 729 2309 virum
745 2242 946 2326 legitimum,
972 2242 1068 2323 eique
1084 2237 1245 2307 matrimo-

122 2349 257 2414 nialiter
269 2350 494 2435 coniungetur3
511 2349 649 2434 ipsaque
663 2348 861 2435 sponsalioia
872 2355 904 2414 et
920 2348 1159 2416 matrimonium
1170 2365 1245 2416 oon·

123 2455 392 2542 trahetlegitime
404 2477 474 2523 eum
487 2457 616 2540 eodem;
637 2477 733 2540 quam
747 2456 878 2540 quidem
889 2455 1051 2522 dominam
1062 2453 1246 2522 Beatrioem

125 2586 168 2632 ex
186 2585 271 2632 nuno
285 2562 438 2649 promisit
453 2565 526 2630 Rex
550 2565 623 2649 ipse
639 2565 699 2649 per
715 2565 881 2650 speciales
907 2583 983 2632 suos
1003 2563 1086 2632 alios
1113 2568 1146 2630 et
1162 2565 1246 2632 eius·

126 2677 205 2744 dem
222 2671 381 2758 Dalphini
403 2673 548 2742 Nuntios
574 2663 608 2740 in
633 2673 808 2740 Prouinoia
834 2675 878 2742 ad
899 2670 1066 2740 ciuitatem
1092 2669 1244 2738 Sistarioi

124 2787 256 2855 mittere
272 2784 358 2850 dioto
374 2781 541 2864 Dalphino
557 2781 768 2862 tradendam,
786 2781 873 2866 apud
889 2801 979 2862 eum,
1006 2781 1097 2846 iuxta
1115 2799 1244 2848 suorum

125 2912 253 2961 morum
265 2891 515 2958 observantiam
527 2891 742 2958 educandam.
760 2892 822 2958 Pro
839 2891 929 2958 ouius
941 2889 1071 2956 domine
1086 2889 1245 2956 Beatriois

126 3003 205 3068 dote
221 3003 369 3068 dominus
387 3001 457 3066 Rex
482 3001 555 3087 ipse
572 2999 651 3069 dare
668 3002 839 3083 conuenit,
866 3005 964 3082 atque
980 2998 1127 3083 promisit
1146 2998 1244 3064 libra·

125 3130 197 3175 rum
214 3106 451 3175 Turonensium
478 3107 664 3192 nigrorum,
690 3116 748 3174 aut
767 3108 850 3176 solvi
867 3107 967 3174 faeiat
985 3105 1103 3189 viginti
1129 3106 1244 3192 millia,

126 3219 171 3286 de
187 3217 304 3302 quibus
329 3218 442 3284 deoem
469 3217 572 3284 millia
598 3217 703 3283 solvet
729 3215 835 3282 eidem
861 3214 989 3283 domino
1007 3213 1150 3282 Johanni
1166 3213 1245 3280 Dal·

123 3327 238 3414 phino,
254 3327 308 3392 vel
324 3326 382 3392 alii
398 3346 458 3410 pro
468 3333 562 3412 parte
578 3326 690 3410 ipsius,
707 3325 741 3392 in
757 3323 930 3390 Provincia
946 3323 979 3388 in
995 3323 1081 3390 11111
1093 3321 1244 3390 Omnium

126 3438 324 3504 Sanctorum
348 3438 491 3503 seeundo
517 3437 624 3504 futuro
641 3432 807 3520 sequentis
824 3433 882 3498 XI.
909 3431 1119 3500 Indiooionis.
1145 3432 1187 3498 Et
1202 3431 1244 3500 de

126 3545 266 3629 reliquis
282 3546 396 3611 deoem
412 3543 555 3610 millibus
580 3544 680 3612 faoiet
697 3553 730 3612 et
749 3539 915 3625 11111111,
941 3539 1027 3622 quod
1050 3537 1244 3610 testificatio

127 3655 293 3721 dictorum
308 3652 510 3720 Nanniorum
536 3652 724 3738 specialiter
742 3649 817 3716 inde
833 3647 939 3730 taeta,
966 3665 1063 3728 quam
1089 3666 1190 3732 penes
1207 3667 1244 3714 11

127 3763 281 3830 dominus
297 3764 368 3828 Rex
384 3769 570 3844 conservat,
587 3761 739 3827 informa
757 3757 884 3824 soilioet
899 3755 1043 3843 publiea,
1061 3755 1127 3822 alia
1143 3774 1243 3838 penes

126 3872 275 3939 Nuntios
291 3871 382 3955 ipsos
398 3871 558 3937 oonsimili
575 3875 776 3952 remanente,
795 3867 939 3933 eontinet
955 3871 988 3930 et
1004 3863 1158 3929 deelarat.
1174 3863 1245 3928 Η11

128 3979 318 4066 specialiter
342 3984 376 4044 et
401 3978 582 4062 expressim
607 3977 640 4041 in
667 3975 890 4042 convencione
916 3971 1066 4052 adieoto,
1094 3971 1180 4052 quod
1205 3970 1243 4054 si,

127 4090 216 4173 quod
233 4088 329 4174 absit,
347 4085 510 4154 1111111111
526 4084 646 4153 dietum
662 4105 728 4153 non
745 4077 1166 4169 complerimatrimonium,
1184 4078 1242 4146 dos

127 4201 204 4284 ipsa
220 4196 395 4264 inroisdem
411 4195 526 4262 deoern
537 4194 680 4262 millibus
696 4195 851 4263 librarum
865 4187 1098 4256 Turonensium
1116 4189 1243 4254 solven-
1317 4205 1329 4226 ·

129 4309 203 4393 dis,
218 4313 254 4372 nt
269 4305 468 4392 predioitur,
494 4303 681 4370 restituetur
700 4303 877 4381 instanter,
894 4297 1038 4379 11111111,
1057 4294 1113 4361 ubi
1129 4294 1241 4360 matri-

129 4417 272 4484 monium
296 4417 403 4500 ipsum
435 4411 637 4492 contingeret
662 4409 850 4475 alterutrius
882 4411 981 4470 morte
1005 4403 1244 4486 subsequenter

131 4524 286 4608 dissolvi,
302 4531 379 4606 tuno
396 4521 455 4589 dos
471 4521 547 4609 ipsa
572 4519 750 4590 seeundum
773 4535 894 4584 morem
921 4522 953 4582 et
978 4513 1243 4584 consuetudinem

131 4635 286 4704 nobilium
302 4634 414 4700 Patrio
431 4631 511 4699 dieti
525 4630 687 4719 Delphini
703 4630 893 4698 restituetur
908 4628 941 4694 in
960 4625 1099 4695 termino
1114 4623 1243 4708 legibus
