3262 5242
589 333 743 434 „gs-

93 529 234 617 iugum,
261 531 423 598 secundas
449 537 483 598 et
507 529 622 598 tertias
650 537 683 596 et
707 530 863 616 deinceps
880 531 1012 618 nuptias
1038 527 1221 597 successive

91 639 213 706 licitas
230 659 305 706 esse
323 639 412 722 dicit,
429 640 458 704 si
484 640 748 725 impedimentum
765 641 957 707 canonicum
981 660 1022 705 ex
1042 658 1142 706 causa
1158 637 1243 702 alia*

94 769 167 814 non
182 747 340 815 obsistat.
353 747 431 833 Ipsa
442 767 574 832 quoquc
591 747 811 816 Sacrosancta
821 749 969 814 Romana
979 747 1130 814 Ecclesia
1141 767 1226 814 sum·

90 877 186 923 mum
206 864 239 924 et
254 857 388 942 plenum
413 856 593 926 Primatum
619 865 651 924 et
676 857 901 942 Principctum
918 877 1017 942 super
1035 857 1223 924 universam

91 964 308 1035 Catholicae]
325 967 510 1035 Ecclesiam
528 967 689 1048 obtinens,
706 987 802 1050 quem
819 985 854 1032 se
872 968 914 1032 ab
940 968 1013 1052 ipso
1030 967 1170 1034 Domino
1187 965 1221 1030 in

89 1073 207 1140 Beato
219 1076 316 1140 Petro
333 1075 564 1160 Apostolorum
590 1075 738 1160 principe
764 1094 822 1143 seu
840 1075 972 1160 vertice,
991 1074 1082 1139 euius
1104 1075 1220 1141 Roma·

88 1200 152 1247 nus
169 1183 328 1251 Pontifex
354 1191 406 1250 est
431 1202 619 1266 successor,
646 1204 720 1251 eum
744 1185 920 1270 potestatis
944 1182 1148 1268 plenitudine
1172 1201 1224 1247 re·

90 1292 234 1374 cepisse
262 1293 422 1359 veraciter
447 1298 480 1360 et
505 1292 672 1359 humiliter
689 1294 906 1377 recognoscit,
924 1293 1010 1359 sicut
1030 1311 1087 1377 pre
1104 1290 1223 1358 ceteris

90 1403 233 1466 tenetur
244 1397 503 1468 fideiveritatem
519 1399 707 1486 defendere,
725 1401 772 1466 sic
789 1407 822 1466 et
838 1401 867 1466 si
884 1421 944 1483 que
955 1401 996 1467 de
1012 1398 1076 1467 fide
1093 1400 1223 1465 suborte

89 1505 221 1576 fuerint
238 1509 446 1594 questiones,
473 1529 532 1576 suo
549 1508 648 1576 debet
663 1508 782 1575 iudicio
800 1507 950 1576 diffinire.
978 1509 1029 1574 Ad
1046 1528 1145 1592 quam
1165 1527 1223 1592 po-

91 1623 163 1682 test
191 1625 355 1704 gravatus
382 1613 521 1702 quilibet
547 1619 580 1682 in
604 1618 745 1704 negotiis
771 1619 815 1686 ad
831 1619 936 1684 ferum
962 1617 1223 1686 ecclesiasticum

90 1727 339 1809 pertinentibus
357 1727 539 1814 appellare,
552 1727 613 1794 sed
629 1734 662 1793 et
679 1727 712 1793 in
728 1725 877 1793 omnibus
895 1725 1005 1793 causis
1022 1727 1066 1794 ad
1082 1743 1220 1792 examen

89 1837 359 1904 ecclesiasticum
370 1837 598 1923 spectantibus
614 1837 658 1902 ad
674 1838 776 1922 ipsius
794 1843 903 1920 potest
918 1837 1039 1903 recurri
1055 1835 1220 1920 iudicium,

89 1951 122 2010 et
140 1945 255 2010 eidem
273 1964 384 2012 omnes
411 1946 554 2014 ecclesie
576 1954 649 2013 sunt
675 1945 841 2028 subnecte,
858 1945 1070 2030 ipsarumque
1085 1945 1221 2027 Prelati,

90 2061 123 2118 et
140 2053 369 2120 obedientiam
396 2062 430 2122 et
455 2055 674 2122 reverentiam
700 2056 765 2122 sibi
781 2055 920 2142 debent;
942 2055 1028 2139 apud
1046 2073 1143 2136 quam
1170 2053 1218 2121 sie
1249 2093 1252 2098 -

89 2162 268 2244 plenitudo
284 2163 462 2247 potestatis
480 2164 640 2247 consistit,
657 2165 744 2246 qued
761 2163 922 2231 eeclesias
949 2169 1076 2230 ceteras
1093 2162 1137 2228 ad
1153 2165 1217 2230 sol-

89 2269 278 2339 licitudinis
295 2277 424 2356 partem
441 2271 595 2339 admittit.
613 2272 758 2352 Quarum
774 2273 904 2356 multas,
924 2280 957 2338 et
972 2271 1215 2340 Patriarehales

87 2379 251 2466 precipue
268 2381 406 2448 diversis
433 2381 618 2466 privilegiis
646 2382 763 2448 eadem
788 2381 938 2447 Romana
954 2381 1105 2448 Ecclesia
1121 2381 1219 2445 hono·

87 2491 177 2556 'ravit
188 2540 199 2574 ,
230 2509 290 2558 sua
306 2497 417 2556 tamen
443 2491 653 2576 prerogativa
678 2497 745 2558 tam
766 2491 798 2556 in
816 2489 1027 2575 generalibus
1053 2489 1219 2570 Conciliis,

89 2615 190 2679 quam
208 2598 244 2665 in
260 2600 518 2684 quibuscumque
545 2601 620 2666 aliis
648 2619 778 2686 semper
795 2601 898 2666 salva.
916 2599 1038 2666 Datum
1053 2598 1142 2686 apud
1161 2600 1220 2666 Ur-

88 2705 334 2776 bem-Veterem
351 2707 393 2772 X.
414 2709 579 2776 kalendas
604 2695 739 2794 Aprilis,
767 2703 979 2775 Pontificatus
1004 2707 1106 2773 nostri
1132 2726 1219 2774 anuo

91 2823 225 2902 quarto.

91 3007 152 3082 (IV.
166 3011 276 3068 Miklbs
290 3009 366 3084 papa
384 3010 583 3084 Regestaibdl,
599 3010 729 3067 Theinen·
741 3011 779 3067 id.
793 3030 830 3067 m.
846 3011 867 3066 l.
881 3011 909 3066 k.
922 3012 982 3070 376.
995 3013 1013 3068 l.
1034 3008 1215 3083 Ugyanazon

89 3102 228 3174 palpanak
253 3123 271 3160 a
294 3102 436 3176 bolgarok
458 3102 665 3174 fejedelmehcz
688 3101 874 3159 irtleveletl.
889 3102 1021 3172 Fejdrne'l
1044 3101 1112 3159 Cod.
1132 3095 1216 3173 Dipl.

161 3196 162 3200 ‘
503 3193 803 3262 rasennam

518 3487 788 3498 ...μ-..μ’-
