3188 5238
565 339 724 446 ...192

98 537 255 624 prediotis.
272 539 354 608 Item
367 539 455 622 quod
471 537 613 624 predicti
628 538 775 609 homines
792 538 833 604 de
849 532 997 620 Almisio,
1013 553 1072 601 seu
1084 532 1203 619 perul-

97 649 140 715 fos
150 667 257 716 eorum
269 649 323 715 vel
333 648 472 733 alicujus
485 667 606 730 eorum,
625 666 683 716 seu
693 666 753 734 per
762 645 923 731 homines,
941 643 996 726 qui
1012 662 1048 710 se
1059 649 1206 727 reoepta-

96 762 161 822 rent
175 775 232 843 pro
250 755 308 842 eis,
325 757 378 824 vel
387 764 498 826 essent
508 758 568 823 sub
580 776 691 826 eorum
701 755 855 838 dominio,
866 774 931 822 non
943 755 1159 851 aooostabunt
1169 770 1206 816 se

97 883 160 930 oum
172 883 281 931 eorum
291 864 391 951 ligno,
408 865 574 952 vellignis
587 863 1027 947 aliouivelaliquibusligno
1042 861 1206 945 vellignis

96 970 303 1040 Veneeiarum
313 974 592 1041 velhabitatorum
601 970 824 1055 Veneoiarnm,
837 971 990 1055 fidelium,
1001 972 1054 1038 vel
1064 968 1205 1038 subdito-

95 1068 156 1144 rum
173 1100 213 1146 ao
229 1079 480 1148 distrietualium
498 1081 621 1149 domini
637 1080 760 1165 Ducis,
776 1099 838 1146 neo
859 1078 998 1146 inferent
1014 1077 1065 1146 vel
1082 1076 1206 1146 faeient

95 1187 147 1270 eis,
163 1188 215 1254 vel
227 1187 330 1256 alieni
346 1207 467 1273 eorum,
480 1210 542 1258 neo
557 1189 615 1256 alii
630 1191 681 1256 vel
699 1188 786 1272 aliis,
807 1186 864 1272 qni
883 1187 966 1254 foret
986 1186 1038 1252 vel
1055 1186 1161 1252 forent
1171 1183 1204 1252 in

94 1294 172 1362 dioto
183 1296 274 1381 ligno
290 1296 460 1380 vellignis,
472 1297 631 1382 iniuriam,
643 1296 838 1378 molestiam,
853 1295 1040 1379 dampnum,
1052 1292 1202 1361 offensio-

94 1405 231 1470 namuel
249 1424 425 1487 gravamen
442 1405 473 1468 in
490 1405 641 1494 personis
651 1408 705 1474 vel
721 1404 819 1472 rebus
832 1404 1047 1471 existentibus
1065 1404 1099 1470 in
1115 1404 1204 1488 ligno

93 1515 141 1582 vel
152 1511 308 1599 ligniasst
319 1513 421 1580 eoiam
433 1514 757 1600 predictosVenetoq
769 1512 1204 1597 habitatoresVeneeiarum‚

92 1619 213 1706 fideles,
226 1621 373 1690 subditos
392 1627 422 1688 et
436 1621 656 1719 distriotuales
674 1621 752 1690 dieti
767 1620 887 1690 domini
905 1619 1007 1686 Dneis
1025 1620 1204 1687 existentes

92 1729 122 1793 in
137 1730 225 1814 ligno
241 1728 406 1815 vellignis
424 1728 676 1811 forinsecorum,
704 1725 776 1800 eum
791 1729 940 1814 personis
960 1729 1012 1795 vel
1029 1731 1125 1797 rebus
1141 1749 1205 1794 non

92 1835 265 1922 offendent,
282 1858 343 1906 nee
360 1839 407 1905 eis
427 1837 569 1906 inferent
578 1890 587 1925 ‚
615 1859 675 1908 neo
690 1839 813 1908 faoient
828 1837 993 1925 injuriam,
1010 1837 1206 1924 molestiam,

92 1945 282 2031 dampnum,
301 1945 534 2030 offensionem,
551 1947 604 2013 vel
620 1967 800 2034 gravamen
814 1949 847 2014 in
870 1945 1022 2032 personis
1038 1946 1089 2012 vel
1108 1948 1205 2014 rebus

92 2071 205 2134 eornm,
224 2053 282 2120 sed
299 2073 355 2122 eos
373 2075 484 2124 omnes
501 2062 535 2122 et
549 2056 696 2141 singulos
721 2075 831 2124 eorum
846 2075 918 2124 oum
935 2053 1084 2138 personis
1101 2061 1134 2121 et
1151 2055 1205 2120 bo-

91 2162 139 2228 nis
155 2161 305 2230 omnibns
322 2171 355 2230 et
380 2165 478 2232 rebus
495 2183 617 2251 eorum,
635 2171 702 2230 tam
727 2163 761 2231 in
778 2165 846 2232 suis
867 2182 965 2248 quam
982 2162 1016 2230 in
1032 2162 1205 2231 forinseco·

91 2291 155 2336 rum
173 2271 264 2356 ligno
280 2273 333 2341 vel
358 2272 456 2358 lignis
472 2273 641 2340 habebunt
655 2273 766 2338 saluos
790 2279 821 2338 et
840 2290 982 2353 securos,
999 2290 1060 2340 nee
1079 2272 1206 2340 venient

92 2382 130 2446 ab
147 2381 285 2445 Ancona
295 2381 379 2446 ultra
390 2398 492 2462 usque
505 2381 675 2463 Veneeias,
687 2401 748 2449 neo
765 2379 849 2444 Auia
861 2374 906 2465 (i)
919 2380 1004 2446 ultra
1019 2399 1135 2446 versus
1147 2378 1206 2447 Ve-

92 2487 214 2574 neoias,
231 2487 296 2554 nisi
313 2497 399 2556 esset
410 2495 543 2573 propter
554 2488 718 2556 fortunam
728 2493 785 2553 aut
801 2485 1026 2553 austeritatem
1042 2488 1206 2572 temporis.

90 2596 125 2660 ln
141 2613 204 2678 quo
221 2596 354 2680 quidem
371 2595 529 2662 neminem
548 2595 714 2664 offendent
726 2601 793 2662 tam
809 2595 973 2662 Venetum
990 2614 1083 2679 quam
1101 2597 1207 2664 foren-

90 2725 176 2790 sem3
193 2704 256 2772 sed
272 2704 424 2772 redibunt
441 2705 526 2772 ultra
541 2704 648 2773 diotos
660 2702 805 2772 confines
822 2723 920 2787 quam
936 2710 1087 2790 poterunt
1102 2705 1207 2770 eitius,

91 2811 240 2880 Ceterum
252 2812 282 2880 si
292 2813 492 2896 contingeret
509 2811 618 2896 aliquo
635 2831 725 2897 ausu,
737 2810 821 2895 quod
833 2831 892 2897 per
908 2813 1030 2880 dietum
1042 2811 1207 2880 dominum

89 2919 249 2990 Comitem
265 2920 440 3006 Georgium
457 2923 510 2990 vel
531 2921 671 3004 aliquem
688 2921 852 2988 hominem
869 2922 1006 3006 Almisii,
1023 2941 1081 2991 seu
1097 2919 1208 2989 subdi·

88 3036 193 3098 torum
219 3048 352 3098 suorum
377 3030 510 3098 daretur
526 3027 700 3114 dampnum
724 3028 821 3097 alioui
838 3030 974 3116 Veneto,
991 3029 1151 3116 snbjeoto,
1168 3028 1207 3094 fi-

88 3137 161 3222 deli,
178 3138 363 3208 habitatori
379 3140 432 3206 vel
446 3139 643 3207 distriotuali
660 3138 739 3206 dicti
755 3139 876 3204 domini
894 3140 993 3208 Dueis
1009 3149 1042 3208 et
1058 3140 1205 3206 Commu·

88 3246 136 3312 nis
153 3247 382 3337 venedorum,
399 3249 484 3330 quod
495 3248 565 3332 ipse
582 3246 730 3315 dominus
747 3245 864 3316 (lomes
881 3249 1040 3333 Georgius
1055 3255 1206 3316 teneatur

88 3357 190 3420 totum
207 3352 389 3435 dampnum
405 3349 483 3420 illud
494 3351 617 3438 datum,
628 3375 700 3422 oum
716 3353 812 3422 fuerit
828 3376 889 3439 per
904 3355 1067 3424 dominum
1083 3357 1206 3427 Duoem
1289 3437 1292 3447 y

88 3460 283 3546 requisitum
307 3459 394 3526 infra
409 3481 506 3528 unum
522 3480 686 3547 mensem,
712 3470 884 3549 postquam
903 3467 975 3550 ipsa
992 3471 1126 3552 saytea,
1153 3467 1207 3534 vel

87 3568 230 3654 lignum,
258 3568 311 3634 vel
323 3567 415 3653 ligna
430 3567 463 3634 in
479 3569 650 3638 Almisium
659 3623 668 3656 ,
694 3573 747 3640 vel
762 3573 805 3638 ad
823 3573 897 3641 loca
913 3575 965 3642 vel
992 3581 1098 3642 terras
1115 3594 1205 3659 suas,

87 3679 222 3745 fratrum
239 3695 369 3743 suorum
388 3677 440 3743 vel
451 3674 586 3746 alterius
598 3699 719 3762 eorum,
731 3683 966 3751 seuterrasvel
984 3683 1058 3752 looa
1074 3682 1207 3768 fidejus·

87 3805 192 3854 sorum
210 3785 352 3871 redibit,
369 3805 428 3854 seu
443 3785 588 3854 homines
614 3787 717 3869 ipsius
734 3786 814 3874 ligni
829 3792 883 3857 uel
899 3798 1016 3879 saytee
1030 3800 1087 3860 aut
1102 3792 1208 3859 disea-

87 3894 203 3980 rigatis
231 3894 286 3960 vel
311 3893 420 3962 missis
445 3894 543 3962 rebus
568 3896 714 3980 aooeptis
731 3896 762 3962 in
790 3897 971 3983 Asuuium,
996 3900 1049 3967 vel
1064 3900 1098 3965 in
1114 3900 1208 3968 terris

86 4004 138 4068 vel
154 4011 265 4069 terras
289 3999 518 4088 fidejussorum
534 4004 587 4069 vel
609 4006 823 4071 eommunium
839 4005 1130 4094 irrfrusoriptorum,
1154 4009 1208 4075 uel

86 4110 118 4176 in
135 4113 221 4178 alias
249 4109 417 4194 subjeotas
442 4110 592 4195 predicto
618 4108 758 4179 Domino
776 4113 892 4180 comiti
910 4113 1052 4200 Georgio
1071 4117 1125 4184 vel
1140 4115 1206 4182 fra·

86 4220 191 4288 tribus
208 4217 317 4306 ipsius
334 4235 524 4302 quoeunque
540 4219 636 4286 modo
653 4219 775 4286 dietum
792 4219 946 4288 damnum
962 4228 1062 4290 totum
1078 4224 1207 4311 integre

85 4329 292 4398 satisfacere.
310 4327 353 4393 Et
369 4327 396 4393 si
414 4327 536 4395 dietum
553 4330 677 4414 lignum
702 4329 756 4396 vel
774 4328 871 4413 ligna,
890 4331 941 4397 rel
965 4353 1047 4417 gens
1065 4354 1125 4403 sua
1141 4353 1207 4401 non

85 4437 210 4504 rediret
221 4435 266 4502 ad
282 4435 356 4501 lota
370 4435 533 4521 prediola,
549 4437 603 4503 vel
619 4435 753 4501 fratrum
771 4455 910 4524 suorum,
927 4440 980 4506 vel
997 4441 1133 4508 alterius
1150 4461 1207 4510 eo·

86 4567 166 4630 rum,
183 4551 219 4612 et
235 4541 386 4612 dominus
411 4543 485 4612 Dux
502 4545 607 4630 ipsum
633 4545 787 4611 damnum
811 4551 936 4630 poteret
959 4549 1013 4616 uel
1027 4550 1208 4633 requireret

88 4663 162 4748 ante
180 4673 372 4741 regressum
389 4672 498 4734 suum,
516 4655 662 4742 promisit
676 4655 754 4722 dare
770 4661 895 4723 tantum
911 4657 941 4722 iu
960 4678 1073 4726 aurum
1090 4661 1142 4726 vel
1157 4682 1205 4727 ar-
