3188 5238
911 1017 969 1084 ct.

385 1217 416 1284 A
428 1219 581 1308 pozoooyi
594 1215 747 1304 Mptalou
758 1214 1027 1304 bizooyaciylcoclc,
1045 1217 1123 1303 lopy
1134 1215 1252 1280 Bula'zs
1262 1215 1417 1303 pozaooyc‘
1431 1222 1501 1282 odr-

376 1327 516 1416 jobbdqy
533 1325 650 1391 Molchia
673 1324 825 1412 azolpdjdt
848 1324 943 1390 Vc'rlis
958 1321 1119 1389 Abrohom
1146 1325 1286 1412 Poaeouy
1309 1347 1413 1413 meqyc
1429 1327 1504 1390 alic-

733 1431 900 1523 pdujdoalc
915 1432 1029 1498 eladio.
1055 1433 1151 1496 1294.

492 1633 664 1702 Uniuersis
691 1633 812 1706 Olrristi
828 1631 978 1702 fidelibus
1003 1638 1174 1718 presentes
1192 1631 1317 1698 litteras
1334 1631 1498 1718 inspectu·

335 1809 341 1820 ,
385 1744 430 1810 ris
447 1743 634 1830 Capitulum
652 1742 801 1810 Ecclesie
818 1741 1030 1812 Posoniensis
1057 1741 1198 1807 salutem
1223 1741 1255 1804 in
1273 1739 1424 1806 Domino.
1454 1743 1501 1808 nd

383 1853 607 1922 uniuersorum
626 1849 780 1918 noticiam
796 1857 908 1920 tenore
925 1849 1129 1934 presencium
1148 1849 1301 1917 uolumus
1317 1849 1499 1936 peruenire,

385 1960 471 2045 quod
495 1960 606 2027 Blasio
633 1957 698 2027 lilio
726 1959 881 2046 Georgij‚
905 1959 1086 2046 jobagione
1112 1959 1212 2026 castri
1236 1960 1277 2023 ab
1304 1979 1370 2025 una
1396 1968 1501 2044 parte,

384 2067 550 2136 Abraham
568 2067 651 2136 Rufo
669 2068 793 2136 Ouriali
810 2069 937 2138 Gemite
955 2067 1149 2136 Posoniensi
1173 2069 1216 2135 ab
1234 2066 1359 2153 altera,
1385 2070 1502 2134 consti-

385 2177 464 2242 tutis
481 2176 701 2262 personaliter
717 2197 827 2247 coram
845 2177 961 2263 nobis,
986 2175 1070 2244 idem
1089 2177 1237 2259 Blasius,
1255 2176 1421 2260 quendam
1440 2197 1501 2244 ser·

384 2305 458 2353 uum
475 2305 567 2355 suum
582 2287 813 2355 hereditarium
831 2287 1028 2356 Nicholaum
1058 2287 1199 2371 nominc,
1216 2288 1314 2354 simul
1330 2306 1403 2353 cum
1421 2286 1500 2374 ipsis

384 2397 414 2458 in
430 2396 533 2461 nostri
559 2399 732 2481 presencia
757 2397 1003 2482 presencialiter
1028 2404 1278 2480 conpetentem,
1307 2401 1400 2461 etse
1428 2415 1499 2462 esse

387 2510 514 2570 seruum
540 2504 645 2590 ipsius
663 2503 768 2590 Blasij
786 2524 864 2590 pure
891 2511 921 2570 ct
938 2503 1130 2590 simpliciter
1150 2501 1375 2581 confitentem,
1395 2503 1499 2570 eidem

386 2610 517 2679 Abrahe
534 2612 636 2696 Ruso,
652 2633 711 2699 pro
728 2620 867 2698 quatuor
883 2615 1025 2694 marcis,
1052 2613 1195 2698 receptis
1213 2614 1360 2697 plenarie
1387 2612 1431 2679 ab
1449 2631 1498 2677 co-

385 2715 469 2801 dem,
487 2718 677 2788 uendidissc
694 2727 745 2787 cst
761 2720 951 2805 consessue3
977 2721 1183 2805 obligacione
1200 2719 1386 2787 huiusmodi
1404 2723 1488 2788 inter

384 2834 486 2914 serta,
503 2828 590 2910 quod
601 2829 785 2914 quicunque
800 2828 1018 2914 imposterum
1029 2829 1193 2915 presentis
1211 2828 1415 2897 vendicionis
1427 2849 1498 2898 con·

384 2941 523 3001 tractum
550 2933 729 3001 niterentur
745 2935 780 3001 in
807 2937 933 3002 irritum
950 2933 1088 3002 forsitan
1105 2955 1272 3020 reuocare,
1295 2935 1369 3022 ipse
1386 2935 1499 3002 videli-

385 3051 436 3111 cet
450 3044 581 3113 Blasius
599 3046 795 3129 antedictus,
814 3048 953 3113 eundem
969 3045 1127 3113 Comitem
1145 3046 1313 3114 Abraham
1331 3045 1497 3113 tenebitur

384 3152 541 3239 expedire
557 3153 701 3240 proprijs
718 3152 888 3221 laboribus
915 3162 948 3221 ct
964 3156 1128 3238 expensis.
1152 3157 1190 3220 In
1208 3156 1299 3222 cuius
1317 3156 1365 3221 rei
1382 3174 1498 3222 memo·

383 3263 464 3328 riam
481 3267 651 3347 presentes
679 3263 899 3328 concessimus
927 3263 1055 3330 litteras
1072 3263 1173 3349 sigilli
1189 3265 1293 3330 nostri
1321 3263 1498 3331 munimine

384 3372 567 3439 roboratos.
584 3370 706 3438 Datum
727 3391 815 3438 anno
830 3371 961 3439 Domini
977 3372 1027 3438 Μο
1043 3372 1113 3442 00⁰
1132 3371 1348 3458 nonagesimo
1370 3381 1498 3458 quarto.

778 3535 816 3600 A.
925 3537 961 3599 B.
1070 3536 1105 3602 O.

384 3725 517 3797 (Hartye
535 3723 673 3798 Apecset
684 3727 837 3786 atldvlirlie
860 3730 989 3800 sclymen
1000 3727 1081 3805 fflgg.
1101 3683 1389 3804 Possonyktptalani
1409 3733 1496 3790 orsas·

526 3835 579 3890 gos
598 3817 721 3878 leveltar
733 3821 830 3894 Capsa
844 3821 922 3878 xlv.
941 3823 1026 3881 Pasa.
1040 3823 1083 3880 23.
1097 3823 1164 3881 Nro.
1178 3823 1222 3882 29.
1240 3824 1356 3894 Karous.)

808 4108 1073 4126 W
