3166 5238
556 398 717 497 341-

66 599 247 686 publioam‚
265 618 323 684 per
340 617 435 682 quam
453 598 516 664 itur
532 598 566 662 in
583 597 723 682 Bugdan
741 599 784 665 ad
811 599 1010 684 aquilonem,
1027 619 1199 687 perquam

66 708 222 792 regirans
239 707 284 774 ad
308 707 446 794 primam
474 713 594 774 metam
622 716 654 774 et
681 707 728 775 ibi
742 709 947 776 terminatur.
966 709 1087 777 Datum
1106 710 1199 778 Bude

66 817 216 900 septima
233 815 286 882 die
305 815 497 882 festiuitatis
514 816 610 882 Beati
627 814 747 882 Jacobi
772 817 927 902 Apostoli
953 836 1038 887 anno
1064 817 1200 885 Domini

67 923 248 992 millesimo
265 922 492 990 ducentesimo
508 923 722 1008 nonagesimo
741 945 838 990 nono.

264 1121 412 1192 (Eredetie
426 1135 443 1174 a
456 1093 617 1192 veszpremi
630 1118 772 1192 kaptelan
785 1118 1009 1192 levelttrtban.)

513 1399 763 1409 .--------

592 1952 665 2017 tto.

67 2147 181 2212 Istocine
198 2139 416 2234 alorczdpbe'rri
429 2149 615 2233 meplcpyjc
631 2169 653 2210 a
668 2148 760 2211 odczc'
774 2145 1005 2232 triptolemon,
1024 2144 1138 2232 lropya
1152 2146 1200 2210 lo·-

68 2257 159 2340 rdlyr‘
174 2257 205 2319 ea
221 2254 378 2342 kdptclao
394 2254 532 2320 emberele
541 2305 550 2339 ,
567 2254 656 2319 thtt
670 2253 824 2341 helyeepet
841 2255 872 2320 eo
887 2254 1077 2320 turtoeelcct‘t
1092 2275 1113 2316 c
1122 2249 1203 2337 fo'ld

211 2463 213 2466 Ι
258 2367 366 2430 erineo
383 2363 582 2431 becotlteecelr
597 2387 675 2452 orep.
696 2365 793 2429 1299.
810 2363 946 2432 novemb.
963 2365 1017 2430 25.

182 2562 305 2629 Amicis
322 2564 401 2646 suis,
419 2560 573 2648 capitulo
585 2564 748 2646 Vacionsi,
767 2564 883 2631 Comes
895 2563 1098 2650 Stephanus,
1109 2564 1202 2632 Vice-

73 2667 186 2736 Judex
213 2667 309 2737 (lurie
335 2669 460 2737 domini
475 2670 575 2758 Regis
603 2671 787 2737 amiciciam
803 2679 967 2757 paratam.
992 2671 1079 2750 Quia
1104 2673 1203 2740 Nico-

72 2779 150 2843 laus
165 2778 250 2846 filius
266 2779 357 2862 Inar,
377 2786 409 2844 et
427 2777 602 2847 Ladislaus
617 2780 704 2846 filius
724 2779 856 2846 Ivanka
873 2778 915 2844 de
931 2779 1043 2847 Zelew
1052 2828 1061 2863 ‚
1088 2783 1204 2845 eontra

77 2885 239 2953 Comitem
255 2887 358 2970 Byter
367 2936 376 2971 ‚
393 2886 598 2972 Nyoclaum‚
616 2885 802 2954 Johannem
819 2892 852 2951 et
868 2885 998 2970 fratres,
1015 2885 1101 2952 filios
1118 2885 1201 2952 eius·

77 2994 153 3060 dem
171 2993 307 3060 Comitis
323 2995 433 3080 Byter,
450 2996 484 3060 in
500 2995 654 3061 vndeo'rm
667 2993 803 3078 judicijs
821 3000 896 3060 sunt
913 2991 1064 3078 conuicti,
1090 2999 1122 3058 et
1138 3012 1197 3077 pro

77 3099 203 3169 eisdem
216 3101 364 3188 JudiciJ's,
382 3122 422 3168 ac
438 3105 571 3171 racione
589 3102 669 3170 facti
685 3103 879 3186 principalis
895 3099 998 3187 ijdem
1016 3099 1075 3186 filij
1093 3099 1200 3168 Comi·

76 3209 121 3276 tis
138 3208 241 3293 Byter
258 3209 291 3273 in
307 3210 552 3292 possessionem
579 3209 763 3276 eorumdem
780 3208 881 3275 Zeleu
896 3215 1060 3290 vocatam,
1087 3207 1202 3287 semel,

74 3315 128 3383 bis
145 3321 177 3382 et
192 3316 294 3383 tercio
310 3316 456 3402 legitime
473 3317 650 3385 introducti
666 3317 815 3404 fuerunt;
832 3336 894 3385 nec
909 3317 1015 3383 eciam
1029 3317 1201 3402 Nycolaus

75 3443 117 3491 ao
134 3423 312 3492 Ladislaus
329 3425 469 3508 predicti
494 3423 537 3493 ad
553 3425 693 3510 Regiam
709 3423 915 3508 presenciam
942 3425 1053 3491 uenire
1066 3423 1201 3492 ourane-

75 3537 169 3612 runt,
197 3531 269 3598 iura
286 3539 319 3600 et
335 3533 427 3618 leges
443 3533 575 3616 penitus
601 3539 889 3618 contempnentes,
917 3536 1015 3617 prout
1031 3531 1065 3597 in
1082 3531 1201 3603 litteris

75 3635 198 3705 exinde
217 3637 374 3708 confectis
391 3659 450 3724 per
467 3640 625 3707 Comitem
637 3641 836 3708 Hermaeum
853 3640 1028 3708 officialem
1045 3639 1203 3709 dictorum
1271 3727 1272 3730 Ἴ

73 3748 214 3814 fratrum
231 3744 365 3814 Comitis
382 3749 493 3832 Byter,
512 3768 570 3833 pro
589 3747 712 3816 eisdem
730 3746 869 3817 dominis
887 3747 955 3818 suis
972 3747 1138 3836 exhibitis,
1156 3748 1203 3816 vi-

75 3856 184 3922 dimus
202 3855 331 3941 plenius
349 3857 531 3942 contineri,
558 3857 747 3925 amiciciam
762 3865 906 3926 vestram
923 3859 1118 3942 requirimus
1136 3856 1208 3922 dili·
1261 3886 1268 3894 ,

75 3969 214 4049 genter,
241 3970 404 4046 quatenus
431 3964 568 4034 mittatis
593 3966 759 4033 hominem
784 3972 929 4034 vestrum
955 3967 1120 4052 ydoneum
1146 3984 1205 4048 pro

75 4072 281 4154 testimonio,
298 4073 330 4139 in
349 4074 441 4140 cuius
460 4081 639 4160 conspectu
658 4073 835 4143 Ladislaus
851 4073 937 4141 filius
955 4071 1089 4160 Danylr,
1106 4070 1205 4139 homo

75 4180 204 4246 domiui
220 4182 343 4267 Regis,
369 4181 447 4248 item
464 4183 606 4250 Comites
622 4182 705 4250 Jurk
725 4181 809 4249 filius
829 4177 1009 4266 Stephani,
1024 4179 1156 4247 Damon
1172 4175 1208 4242 fi-

74 4288 141 4356 lius
157 4287 312 4372 Buzzad,
328 4287 446 4374 Hagen
462 4288 549 4355 filius
566 4288 698 4375 Haym‚
725 4295 757 4355 et
774 4287 891 4354 Comes
912 4285 1094 4372 Dyonisius
1119 4283 1206 4352 tilius

75 4397 164 4466 Jurk
190 4395 401 4463 estimaturcs
427 4395 588 4462 accedant
606 4415 705 4480 super
728 4393 847 4462 faciem
873 4393 964 4498 dicte
986 4393 1207 4478 possessionis

75 4503 224 4589 Nycolai
241 4510 274 4568 et
291 4501 441 4573 Ladislai
456 4503 557 4570 Zelev
581 4507 717 4587 uocate,
744 4500 885 4567 ridendo
904 4506 937 4567 et
962 4501 1206 4597 considerando

74 4610 239 4678 utilitates
256 4611 435 4680 addemum
452 4611 603 4679 estiment
621 4609 762 4677 eandem
779 4629 852 4676 cum
869 4609 1064 4678 utilitatibus
1082 4618 1115 4676 et
1132 4629 1206 4694 per-

74 4721 236 4806 tinenoijs
254 4721 324 4788 suis
340 4721 501 4789 uniuersis
518 4720 603 4785 iusto
621 4719 736 4805 modo,
765 4723 799 4784 et
816 4725 891 4804 post
907 4717 968 4785 hec
994 4718 1112 4786 seriem
1129 4717 1205 4785 esti·

130 4843 557 4887 uorun.rruro.rr1sr.o1rr.-1o.
1002 4827 1043 4892 16
