3166 5238
98 1241 144 1306 Az
160 1242 279 1330 erdelyi
293 1244 448 1331 kdptalun
473 1249 744 1334 dizonysdpleoela
761 1246 841 1336 doyy
857 1247 935 1316 Abel
951 1253 982 1317 e‘a
1002 1251 1110 1318 Eodrc
1120 1303 1128 1336 ,
1155 1252 1218 1330 Mef-

100 1351 245 1436 dddyfiai
270 1353 408 1440 Oloyroa
431 1355 568 1422 birtolcot
591 1357 778 1442 Jococnat,
809 1358 924 1424 Taruda
939 1359 1056 1444 fidook
1082 1360 1218 1426 etcdcot.

610 1465 708 1530 1298.

208 1660 271 1748 (Aa
287 1661 412 1752 erdelyi
436 1627 609 1751 vajdtnak
635 1601 883 1754 egyszersmind
909 1664 1058 1734 sacluoki
1077 1666 1220 1753 idispdn-

100 1770 167 1836 nak
184 1789 250 1856 egy
268 1771 922 1862 lton-kiokncnyatartatnazza,hcgy
936 1773 1221 1862 ,dobanuesbtius

100 1877 245 1946 Thome“
263 1881 343 1950 eldtt
367 1902 406 1965 az
422 1881 547 1968 erdelyi
574 1881 806 1966 keptalanuak
831 1882 1139 1970 bincuysdgleveltt
1164 1882 1222 1950 iel·

101 1983 257 2074 mutatta)
275 1989 329 2075 „in
345 1989 465 2073 quibus
491 1989 738 2072 continebatur,
757 1987 957 2078 quod⁸anno
974 1991 1146 2061 Dominice
1170 1994 1222 2058 ln«

101 2096 307 2166 carnacionis
332 2094 389 2164 bi⁰.
407 2097 486 2166 00⁰.
507 2099 723 2182 nonagesimo
748 2105 865 2168 octavo
893 2101 980 2168 Abel
1005 2108 1038 2167 et
1062 2100 1224 2182 Andreas,

102 2205 159 2272 filii
174 2206 358 2293 Mycbaelis
383 2206 442 2276 filii
457 2208 563 2276 Abeel
589 2208 779 2295 cuiusdam,
806 2217 926 2276 terram
951 2229 1062 2278 eorum
1079 2210 1224 2297 Olnyrus

102 2315 287 2401 predictam
303 2336 344 2383 cx
361 2337 524 2386 consensu
540 2317 682 2386 omnium
699 2325 1007 2402 commutandorum,
1023 2318 1150 2388 'Pbcme
1166 2317 1226 2384 tilii

101 2424 268 2493 Ambrosii
283 2426 387 2510 patris
404 2425 632 2512 predictorum,
649 2427 819 2514 Johannis,
836 2429 984 2498 Ladislai
1000 2434 1033 2496 et
1049 2427 1223 2514 Stephani,

102 2539 167 2597 tam
185 2532 319 2602 racione
335 2533 566 2622 proximitatis,
588 2554 685 2619 quam
703 2537 807 2606 eciam
823 2537 956 2606 racione
972 2536 1120 2624 pecunie,
1137 2535 1226 2604 vidc-

102 2639 176 2710 licet
206 2642 321 2726 viginti
337 2651 478 2726 quatuor
492 2663 694 2724 marcarum,
721 2665 794 2714 cum
811 2645 960 2716 omnibus
977 2642 1175 2714 vtilitatibue
1193 2651 1225 2710 ct

102 2749 320 2837 pertinencijs
336 2753 413 2837 suis,
429 2753 546 2840 pratis,
563 2753 692 2840 tenetis,
709 2755 804 2822 siluis
821 2760 854 2822 et
869 2756 942 2824 lucc
957 2752 1150 2838 molendini,
1167 2750 1227 2820 sub

103 2858 232 2926 eisdem
256 2861 400 2943 antiquis
418 2862 513 2930 metis
541 2868 574 2928 et
591 2863 760 2946 terminis,
786 2863 909 2946 quibus
924 2861 1009 2930 idem
1035 2860 1225 2947 possedisse

103 2967 350 3052 dinoscebatur,
366 2971 463 3054 plene
479 2972 621 3058 receptis
631 2971 675 3038 ab
692 2970 809 3040 eudem
822 2972 996 3058 pecuniam
1012 2973 1228 3054 pretaxatam,

105 3076 299 3146 vendidisse
315 3084 469 3162 perpetuo
485 3079 720 3164 possidendam
738 3079 894 3148 heredum
912 3098 971 3164 per
986 3078 1148 3158 heredes,
1175 3096 1227 3142 us·

104 3193 319 3271 sumpuentes
336 3187 475 3254 eundem
491 3183 652 3256 'rhomam
669 3193 704 3255 et
719 3187 805 3257 filios
822 3206 900 3254 snos
916 3185 1002 3255 Abel
1018 3192 1051 3251 et
1067 3184 1230 3252 Andream

104 3295 275 3378 predictos
291 3295 333 3364 ab
350 3297 499 3366 omuibus
516 3296 756 3381 impetitoribus
772 3297 906 3366 racione
922 3295 1030 3381 ipsius
1046 3293 1229 3379 posscssio-
1285 3377 1298 3394 ο

106 3405 156 3472 uis
172 3404 320 3492 Olnyrus
330 3455 339 3491 ,
366 3406 523 3492 expedire
539 3413 572 3474 et
589 3406 620 3474 in
648 3406 787 3492 pacifica
809 3407 1017 3491 possessione
1033 3423 1105 3472 cum
1123 3403 1232 3486 quiete

106 3511 336 3584 conseruare.“

161 3707 304 3778 (Teutscb
320 3712 350 3770 ds
363 3712 543 3782 Firnbaber,
558 3711 746 3770 Urkundenb.
761 3731 786 3768 a.
800 3711 896 3770 Gesch
919 3710 1054 3768 Siebenb.
1076 3710 1098 3764 Ι.
1113 3711 1172 3766 ket.

496 3801 632 3858 LXXIX.
646 3801 664 3858 l.
676 3801 737 3858 365.
752 3819 791 3856 su.
805 3799 844 3872 a.)

537 4103 798 4116 m...-
