3166 5238
818 305 968 412 nn-

328 525 460 592 oionem
486 527 519 587 et
543 521 738 588 mandatum.
769 521 891 590 Datum
908 519 1058 590 sabbato
1084 527 1158 606 post
1183 522 1390 606 quindenam
1407 524 1461 590 As-

323 627 527 716 sumpoionis
557 630 660 699 Beate
687 629 835 716 Virginis
867 650 954 698 anno
980 629 1114 696 Domini
1136 632 1188 698 Μθ
1214 630 1291 700 00⁰
1317 651 1460 720 nonage-

326 757 407 807 simo
432 757 528 806 nono.

432 934 543 1003 szysst.
565 929 765 1004 Btrhsirtytra
777 929 847 988 irott
858 927 1009 1000 nlrtlevul,
1023 929 1157 1000 molynek
1171 928 1303 987 hatirata
1317 949 1352 988 ez
1367 952 1374 984 :
1391 931 1462 1003 „Pto
1574 969 1575 972 η

324 1023 467 1082 Michaele
480 1022 541 1079 filio
552 1021 705 1080 Deueoher
718 1040 805 1096 super
815 1020 1052 1078 reambulsoione
1065 1025 1143 1078 terre
1154 1021 1289 1078 Ladislai
1304 1021 1358 1094 filij
1371 1022 1462 1079 Iwan·

325 1115 365 1170 ka
379 1129 475 1170 eoram
488 1113 576 1170 Pstro
591 1118 620 1169 et
634 1117 758 1185 quatuor
770 1109 949 1170 lodicibus!
971 1110 1099 1168 Mlsolta
1112 1109 1229 1170 Horvtt
1248 1110 1354 1172 Istvtn
1376 1131 1394 1170 a
1406 1114 1463 1170 Ka-

325 1201 482 1278 pos-Messi
494 1203 595 1277 Merey
608 1201 714 1262 ursan
728 1201 931 1276 peldtnytbol.
955 1193 1052 1275 My.)

767 1503 776 1510 .
809 1503 1023 1514 .-ω-...ῃ

863 2045 935 2114 rel.

323 2247 432 2316 Istootn
456 2245 739 2332 olorszdybirdoolo
764 2245 911 2311 bocholt
936 2248 967 2310 a
995 2242 1315 2331 Artytaaozoreuou
1342 2243 1457 2330 helyse-

327 2359 429 2444 ualoro,
446 2353 619 2421 vonatlooacl
631 2352 734 2420 ittlote
759 2375 779 2416 α
796 2351 1129 2438 kirdlynsjobbotyyos'
1144 2353 1177 2415 e's
1192 2373 1214 2416 o
1228 2351 1395 2416 Zssrolsalrs'
1409 2375 1457 2417 ne-

733 2461 836 2528 mooek
851 2462 931 2525 lso'zt.
949 2461 1047 2524 1299.

430 2659 498 2727 Nos
515 2659 632 2727 (lomes
650 2659 836 2744 Stephanus
854 2655 1065 2725 Viae-ludex
1089 2656 1187 2725 &urie
1204 2657 1340 2724 Domini
1356 2657 1455 2742 Regis

325 2767 478 2836 memorie
502 2765 767 2834 oommendamus
794 2763 1020 2852 signifieantes
1046 2765 1165 2848 quibus
1182 2763 1317 2850 expedit
1342 2771 1455 2834 tenore

325 2876 530 2961 presenoium
554 2875 735 2956 universis,
763 2875 851 2957 qnod
878 2894 950 2942 oum
976 2873 1156 2942 Ladinlaus
1181 2871 1267 2940 filius
1287 2874 1400 2958 Rusd,
1426 2883 1457 2942 et

323 2989 411 3054 Deos
427 2984 511 3051 filius
527 2983 719 3072 Tyburohii,
732 2985 947 3053 exercituales
959 2983 1164 3070 jobagionas
1180 2981 1313 3049 domine
1330 2983 1456 3066 Regino

322 3092 510 3178 Hungarie,
535 3089 666 3159 domine
690 3097 812 3174 nostre,
840 3091 1061 3175 personaliter
1080 3094 1322 3176 oompsreutss,
1352 3091 1454 3174 Zoda,

324 3198 445 3285 Opour,
461 3201 543 3268 Bors
560 3206 592 3265 et
607 3197 793 3283 Nioolaum,
808 3196 893 3267 filios
910 3197 1017 3264 Blasii
1035 3199 1154 3266 nobilis
1171 3197 1213 3266 de
1230 3197 1399 3283 Zurohulx,
1410 3218 1449 3266 ex

323 3309 442 3392 quibus
458 3311 490 3374 et
515 3325 575 3390 pro
592 3308 709 3390 quibus
726 3306 827 3374 iidem
854 3306 949 3375 Zoda
965 3313 996 3373 et
1013 3307 1098 3377 Bors
1115 3326 1188 3372 oum
1214 3307 1454 3391 proeuratoriis

323 3414 441 3485 litteris
458 3414 601 3502 Capituli
617 3415 897 3503 Weuprimyensis
914 3416 1106 3499 astiterunt,
1124 3414 1306 3482 traxissent
1323 3415 1359 3481 in
1380 3435 1454 3484 ean·
1574 3481 1575 3486 ,

325 3545 399 3595 sam
414 3543 525 3591 ooram
541 3523 647 3610 nobis,
664 3523 743 3592 dieti
763 3525 943 3594 Ladinlaus
960 3533 994 3593 et
1009 3525 1099 3594 Dees
1115 3530 1230 3590 eontra
1247 3523 1385 3590 eosdem
1401 3544 1455 3592 no-

323 3633 408 3700 biles
428 3630 557 3698 litteras
584 3631 735 3718 Magistri
761 3633 926 3700 Laurente
952 3631 1090 3700 (tonius
1115 3630 1399 3716 Wezprimyensis
1426 3639 1456 3700 et

324 3750 464 3824 quatuor
483 3736 633 3806 Judioum
661 3740 811 3808 eiusdem
837 3740 1018 3809 Comitatus
1034 3739 1266 3825 inquisitorias
1292 3739 1456 3827 infigura

325 3853 345 3919 J
349 3848 446 3915 odioii
456 3845 680 3914 exhibuerunt
691 3848 909 3932 continentes,
928 3849 1016 3933 quod
1031 3849 1132 3932 Zoda,
1148 3851 1230 3914 Bors
1247 3853 1281 3913 et
1295 3847 1456 3917 Nioolaus

322 3955 460 4040 predioti
476 3960 509 4023 et
525 3957 660 4044 oognati
671 3957 850 4025 eorundem
867 3959 899 4022 in
916 3959 1043 4026 ootauis
1053 3955 1248 4027 Natiuitatis
1259 3957 1368 4025 Beate
1386 3958 1454 4025 Vir·
1574 4045 1575 4054 ἵ

325 4063 411 4152 ginis
429 4065 491 4132 hoe
508 4085 595 4134 auno
613 4067 748 4134 eosdem
764 4065 955 4135 Ladizlaum
965 4119 974 4154 ,
1001 4070 1092 4134 Dees
1108 4073 1143 4134 et
1159 4071 1322 4152 cognatos
1343 4085 1453 4133 eornm

324 4173 581 4255 destruxissent,
607 4175 768 4259 quosdam
786 4197 828 4244 ex
854 4176 902 4242 eis
927 4177 1172 4262 oaptiusssent,
1201 4174 1362 4260 quosdam
1379 4193 1455 4244 vero

324 4283 499 4351 enormiter
513 4285 756 4370 uerberassent
768 4285 878 4354 omnia
899 4285 1109 4354 bonaeorum
1119 4282 1252 4370 penitus
1263 4282 1452 4366 auferendo,

325 4389 508 4459 adieientes
524 4396 611 4475 quod
627 4394 762 4464 domina
779 4395 908 4480 Regina
933 4403 1056 4462 terram
1082 4395 1115 4459 in
1135 4392 1288 4460 Zurohuk
1314 4391 1450 4460 haberet

322 4496 652 4586 Arkybanazurohuk
668 4509 831 4588 noestam,
852 4521 1032 4588 superque
1049 4501 1131 4570 disti
1143 4502 1344 4588 jobagiones
1362 4518 1448 4568 exer-

321 4607 461 4677 oituales
478 4607 564 4677 dioto
581 4608 711 4677 domine
735 4609 861 4694 Regino
880 4609 1020 4676 luissent
1045 4608 1206 4678 destructi
1231 4626 1291 4693 per
1316 4604 1442 4674 nobiles
