3166 5238
637 943 717 1011 loo.

114 1137 166 1199 Aa
184 1138 306 1225 arddlyi
330 1141 486 1227 lodptolora
502 1142 781 1232 bizoapadplaoclc,
808 1147 887 1233 hopy
903 1147 1073 1236 maeatae,
1100 1148 1248 1217 Alviaeai

114 1243 264 1312 Herdord
279 1255 409 1336 davappc
432 1249 600 1337 Vdronpyo
625 1254 655 1316 c‘s
679 1253 894 1340 Domdajbldc
910 1258 1075 1346 jdaao'pat't
1097 1280 1136 1322 aa
1161 1260 1248 1324 erde-

376 1355 422 1444 1111
438 1359 620 1446 cpybdzaolc
636 1362 855 1447 ojdado'loozto.
874 1365 970 1428 1300.

222 1553 290 1619 Nos
324 1554 510 1642 Capitulum
535 1558 684 1626 Ecclesia
709 1560 806 1626 Beati
831 1562 1017 1648 Mychaelis
1042 1563 1245 1651 Archangeli

111 1660 522 1731 'l'ranssilnaue'memorie
543 1667 809 1734 commendantes
821 1674 935 1735 tenore
952 1671 1157 1755 presencium
1174 1673 1245 1757 qui-

113 1765 174 1833 bus
192 1769 329 1855 expedit
356 1769 581 1857 significamus
602 1774 785 1861 uniuersis,
804 1776 894 1860 quod
919 1775 1052 1844 domina
1071 1779 1244 1848 Elisabeth

113 1875 232 1941 relicta
249 1875 384 1943 Comitis
398 1876 628 1948 Herbordifilii
644 1881 827 1970 Henningij
845 1885 886 1951 de
898 1887 1003 1953 Vinch
1020 1887 1177 1974 inferiori,
1188 1909 1244 1955 vo-

113 1983 258 2050 lentibus
276 1991 308 2050 11
326 1988 611 2057 consencientibus
628 1989 695 2057 filio
706 1993 837 2060 nomine
849 1994 1023 2062 Herbordo
1041 2001 1074 2063 et
1089 1994 1158 2060 filia
1174 1995 1241 2061 Eli-

114 2091 233 2158 sabeth
260 2101 467 2180 nnncupata,
494 2113 534 2160 ao
551 2097 677 2165 Gemite
693 2101 855 2184 Daniele,
883 2101 951 2169 filio
969 2101 1124 2169 Ohclonis
1142 2103 1244 2170 fratre

112 2199 238 2268 eisdem
255 2201 395 2284 domine,
414 2223 475 2269 nec
492 2213 559 2272 non
576 2213 609 2271 et
629 2207 755 2275 Gemite
771 2208 888 2273 Hanoh
904 2210 946 2278 de
963 2211 1067 2277 Vinch
1083 2211 1242 2296 inferiori,

110 2327 153 2374 ae
169 2307 268 2374 Petro
285 2310 430 2393 plebano
447 2308 488 2376 de
505 2313 623 2400 Sebus,
640 2313 706 2382 filio
724 2315 862 2382 Comitis
883 2317 925 2382 de
942 2317 1113 2400 Vasmodi,
1131 2323 1243 2386 astan-

110 2415 202 2483 tibus
219 2417 394 2502 presenoia
410 2421 592 2503 personali,
614 2441 724 2488 eoram
741 2425 836 2491 nohis
855 2426 1044 2507 constituta,
1062 2427 1170 2492 Deum
1186 2427 1243 2493 ha-

109 2525 195 2605 bens
211 2545 270 2610 pre
286 2528 399 2610 oculis,
418 2534 451 2594 et
468 2530 621 2615 cogitans
638 2531 679 2597 de
697 2533 869 2616 supremis,
888 2533 928 2599 de
946 2534 1161 2617 possessione
1178 2536 1243 2603 Go-

110 2635 201 2701 mitis
219 2634 380 2701 Herbordi
398 2638 565 2722 quondam
592 2639 701 2706 mariti
722 2642 771 2706 sui
788 2641 963 2728 prelibati,
990 2641 1036 2708 ad
1053 2661 1129 2708 eam
1145 2640 1242 2708 devo·

112 2744 194 2823 luta,
212 2743 269 2826 qui
284 2745 405 2811 Diuino
416 2753 558 2812 vocante
569 2748 699 2832 jndicio
726 2751 814 2817 viam
831 2749 983 2816 universe
1000 2750 1110 2817 carnis
1128 2756 1179 2814 111
1194 2751 1242 2816 in-

113 2870 260 2938 gressus,
279 2852 391 2921 Varda
415 2862 557 2940 vocata,
575 2855 672 2920 simul
689 2875 760 2921 cum
777 2861 865 2921 terra
891 2857 1039 2921 Damaso
1055 2854 1146 2922 feldu
1163 2876 1242 2922 nun-

112 2967 246 3047 cupata,
264 2961 320 3026 nbi
337 2964 490 3029 Ecclesia
505 2961 639 3045 lapidea
665 2963 699 3029 in
715 2963 839 3031 honore
856 2965 976 3030 Sancte
992 2963 1175 3031 Trimitutis
1192 2971 1243 3032 est

111 3075 324 3152 constructa,
341 3089 404 3152 que
429 3071 470 3137 de
487 3070 584 3136 honis
601 3070 711 3136 mariti
729 3073 779 3134 sui
796 3070 1032 3157 suprascripti,
1050 3075 1084 3136 11
1098 3069 1241 3158 propriis

109 3183 188 3244 sunt
205 3163 407 3262 comparate,
426 3178 526 3245 talem
537 3178 786 3245 ordinacionem
798 3177 928 3261 fecisse,
946 3187 978 3244 et
989 3199 1030 3243 ox
1046 3187 1135 3259 uoto,
1155 3179 1241 3260 quod

108 3287 319 3371 presentibus
340 3285 531 3365 coufirmat,
549 3285 684 3352 firmiter
700 3281 962 3370 observaturam,
979 3285 1172 3370 promisisse
1188 3291 1241 3352 111

1 3482 3 3490 7
110 3397 284 3480 confessa,
301 3393 479 3476 videlicet,
499 3392 587 3476 quod
605 3395 634 3459 si
651 3395 726 3478 ipsa
743 3398 872 3458 mortua
889 3391 974 3458 filius
992 3399 1025 3456 11
1041 3392 1110 3459 filia
1127 3411 1239 3478 super-

109 3502 274 3588 vinerent,
292 3508 396 3568 11111
416 3521 571 3568 successu
587 3509 770 3584 temporum
794 3500 922 3582 absque
939 3497 1095 3567 heredum
1113 3500 1239 3568 solacio

109 3610 273 3676 decedere
291 3611 508 3692 contingeret,
520 3616 576 3674 aut
592 3613 700 3674 tractu
709 3607 864 3691 temporis
882 3625 1092 3675 successores
1109 3627 1167 3674 sou
1184 3610 1239 3675 he-

108 3720 208 3786 redes
227 3720 418 3805 eorundem,
436 3719 493 3783 filii
511 3718 667 3785 videlicet
684 3723 716 3782 et
737 3719 803 3784 filie
820 3717 988 3802 utriusque
1004 3737 1104 3786 sexus
1122 3719 1240 3786 lamde

107 3831 198 3899 linea
208 3828 366 3896 feminina
378 3847 477 3911 qnam
493 3827 689 3911 masculina,
705 3828 834 3894 extunc
844 3826 933 3893 diota
945 3826 1112 3910 possessio
1124 3826 1239 3894 Varda

106 3936 205 4002 simul
223 3954 296 4000 oum
312 3941 403 4000 terra
421 3933 661 4000 Damasafeldu
678 3932 872 4017 supradicta
889 3951 962 3997 oum
979 3930 1130 3997 omnihus
1146 3931 1238 4016 adja

108 4043 234 4114 cenciis
251 4049 284 4108 et
301 4041 519 4122 utilitatibus,
541 4039 757 4122 molendinis,
775 4039 882 4105 uineis
892 4090 902 4124 ,
919 4040 1025 4123 siluis,
1041 4037 1239 4123 nemoribus,

105 4150 215 4238 pratis
239 4170 280 4216 ac
306 4157 402 4235 portu
418 4148 552 4218 nauium
579 4167 652 4214 oum
679 4149 780 4215 naulo
807 4147 850 4214 ad
867 4148 973 4231 ipsam
989 4148 1101 4214 villam
1128 4144 1241 4216 Varda

105 4258 285 4347 pertinenti
313 4264 345 4322 et
371 4257 448 4343 alijs
474 4257 687 4342 pertinenoijs
708 4257 880 4339 omnibus,
907 4257 951 4321 ad
967 4259 1060 4341 ipsas
1077 4253 1191 4325 Varda
1206 4263 1239 4321 et

55 4395 57 4406 ·
105 4363 349 4433 Damasafeldu
367 4364 612 4449 quomodolibet
636 4364 879 4450 spectantibus,
897 4383 938 4429 ex
954 4372 1031 4430 uoto
1050 4369 1084 4432 et
1099 4363 1236 4431 ordina-

106 4475 201 4540 cione
216 4494 305 4540 nunc
321 4474 424 4560 facta,
442 4474 476 4539 in
492 4475 543 4539 ius
560 4479 592 4538 11
607 4474 842 4560 proprietatem
858 4478 1006 4538 nostram
1023 4473 1239 4540 deuolueren·

104 4587 157 4646 tur
181 4581 255 4665 ipso
280 4581 382 4649 facto.
402 4581 438 4649 Si
455 4586 564 4650 autem
593 4580 757 4666 predictos
782 4579 883 4648 filium
900 4588 931 4648 11
947 4581 1048 4647 filiam
1070 4601 1145 4650 cum
1169 4586 1240 4648 tota
