3214 5238
916 975 992 1043 113.

398 1173 462 1240 ΙΙΙ.
480 1175 586 1238 Errdrc
602 1171 709 1260 kirolly
723 1174 899 1261 moperllriti
922 1195 1000 1237 azoro
1017 1175 1203 1256 szcrshdcst,
1229 1171 1309 1258 rnely
1325 1173 1410 1236 attat
1432 1173 1509 1237 Wrir

395 1283 452 1347 dar·
468 1283 562 1346 Peter
577 1281 671 1346 Bozd
694 1281 848 1368 helyscpet
870 1282 979 1346 Vinozi
1004 1281 1216 1345 Harbordnat
1242 1280 1361 1344 eludia.
1386 1281 1519 1343 1290-

856 1389 943 1451 1300
958 1387 1059 1451 lelirr'll.

1408 1527 1412 1531 ’
1602 1531 1604 1560 l

503 1587 656 1654 Andreas
673 1586 736 1654 Dei
756 1585 871 1672 gracia
891 1585 1071 1668 Hungaria
1094 1583 1274 1667 Dalmacie,
1296 1584 1448 1667 Oroacie,
1465 1586 1523 1650 Ro-
1602 1567 1604 1656 ᾗ

399 1717 462 1780 me,
479 1696 626 1777 Gallicis,
639 1693 841 1776 Lodomerie,
858 1692 1024 1777 Comanis,
1041 1692 1261 1779 Balgarieqne
1276 1695 1360 1774 Rex,
1372 1691 1523 1760 omnibus

399 1805 518 1874 Christi
537 1803 684 1870 fidelibus
705 1820 840 1885 presens
864 1805 1020 1887 scriptum
1046 1801 1243 1884 inspecturis
1261 1803 1404 1868 salutem
1422 1802 1457 1869 in
1474 1821 1524 1867 sa·
1602 1829 1604 1888 p

398 1913 475 1980 lutis
491 1911 659 1996 largitore.
685 1908 737 1974 Ad
753 1907 975 1978 uniuersorum
1002 1907 1158 1974 noticiam
1177 1915 1294 1973 tenore
1319 1909 1526 1994 presencium
1603 1892 1605 1972 ἶ

397 2022 514 2088 harum
530 2017 614 2086 serie
640 2017 790 2084 volumus
806 2016 999 2100 peruenire,
1026 2013 1110 2097 quod
1128 2016 1292 2082 accedens
1316 2015 1361 2078 ad
1378 2022 1526 2082 nostram

399 2126 604 2215 presenciam
617 2123 807 2192 Herhordus
824 2121 911 2191 filius
921 2123 1062 2209 Hencng
1073 2124 1115 2191 da
1130 2123 1247 2206 Vinch,
1265 2121 1419 2190 exhibuit
1432 2123 1525 2190 nohis
1604 2127 1605 2212 J

398 2235 604 2321 priuilegium
629 2229 775 2316 Capituli
799 2231 951 2298 Ecclesia
966 2232 1062 2297 Beati
1087 2231 1261 2299 Michaelis
1282 2231 1525 2299 Transsiluane
1604 2217 1605 2238 i

399 2361 496 2429 super
512 2340 600 2408 lacto
626 2338 805 2424 empcionis
832 2339 1002 2405 cuiusdam
1025 2337 1246 2424 possessionis
1273 2356 1334 2403 sue
1349 2339 1444 2405 Buzd
1468 2359 1525 2406 uo·
1604 2369 1606 2402 r

400 2453 475 2515 cate
500 2467 559 2532 per
574 2444 712 2511 Tomam
736 2442 837 2510 filium
855 2443 942 2509 Petri
967 2443 1009 2509 de
1028 2445 1153 2526 Warga
1178 2444 1242 2512 sibi
1268 2443 1390 2511 tradite
1418 2447 1524 2514 conte
1605 2429 1606 2494 ]

400 2561 504 2638 otum;
532 2560 648 2639 potens
665 2573 686 2618 a
701 2553 797 2619 nobis
825 2571 897 2618 cum
913 2552 1095 2631 instancia,
1121 2559 1155 2618 nt
1179 2552 1287 2636 ipsum
1313 2553 1524 2639 priuilegium

400 2667 506 2731 ratum
531 2661 654 2730 habere
679 2667 711 2727 et
736 2665 848 2728 nostro
883 2658 1094 2746 dignaremur
1119 2661 1294 2745 privilegio
1321 2661 1525 2728 confirmare.

401 2806 442 2817 -
455 2751 503 2816 '—
520 2802 562 2817 —-
579 2767 677 2836 (luins
694 2767 826 2850 quidem
842 2765 1007 2851 priuilegij
1026 2774 1120 2834 tenor
1136 2766 1212 2836 talis
1229 2773 1281 2835 ast
1300 2793 1308 2833 ι

504 2875 689 2960 Capitulum
712 2877 862 2943 Ecclesia
877 2878 915 2942 B.
932 2875 1104 2944 Michaelis
1124 2875 1189 2943 sth.
1220 2879 1409 2952 (knvetkezik
1426 2900 1460 2940 aa
1486 2900 1526 2938 cr-

398 2993 475 3066 dtlyi
491 2991 627 3064 ktptalcn
643 2988 825 3063 bizonysaga‚
842 2989 913 3045 mint
928 2989 1014 3045 alhhb
1041 2989 1113 3045 175.
1132 3009 1170 3045 sa.
1188 2987 1226 3060 a.)

505 3095 572 3160 Nos
588 3091 673 3176 gitur
688 3090 784 3157 iustis
801 3089 1020 3174 peticionibus
1039 3091 1143 3178 ipsius
1161 3089 1325 3160 Herhordi
1350 3091 1520 3160 fauorabi-

399 3203 463 3269 lem
473 3218 666 3268 consensum
677 3196 882 3284 adhibentes,
892 3197 1077 3283 predictum
1088 3199 1298 3286 priuilegium
1307 3197 1457 3285 Capituli
1467 3201 1525 3268 Eo-

400 3306 500 3374 olesie
516 3307 828 3376 Transsiluanenon
844 3306 1073 3392 cancellatum,
1091 3325 1157 3373 non
1167 3307 1335 3390 abrasum,
1354 3326 1472 3375 nec-
1484 3345 1525 3356 —

342 3498 345 3505 ¹
401 3451 444 3464 -
460 3413 667 3499 presentibus
684 3413 786 3481 inseri
796 3410 949 3480 faciendo
975 3412 1159 3495 patrocinio
1169 3412 1333 3498 presentis
1344 3414 1451 3484 nostri
1466 3416 1525 3501 pri-

400 3522 513 3610 uilegii
529 3521 679 3588 duximus
704 3518 967 3586 confirmandum.
994 3519 1031 3587 In
1047 3519 1138 3588 cuius
1156 3521 1204 3586 rei
1229 3523 1426 3589 memoriam
1451 3543 1524 3608 per-

402 3635 599 3718 petuamque
616 3629 653 3694 fir
665 3662 707 3677 -
719 3664 763 3675 -
776 3665 816 3676 -—
827 3627 1015 3695 -discreti
1033 3627 1095 3695 uiri
1119 3631 1270 3714 magistri
1289 3629 1460 3701 Theodori
1470 3631 1521 3700 st-

403 3736 514 3805 bensis
531 3737 679 3804 Ecclesia
689 3733 853 3820 Propositi
870 3735 945 3804 aule
962 3741 1072 3804 nostre
1090 3737 1401 3824 vicecancellarii,
1419 3738 1526 3808 dilecti

398 3848 437 3912 'et
451 3843 558 3912 fidelis
574 3878 618 3892 -
637 3882 675 3892 -
694 3877 738 3890 -
757 3881 799 3891 -

403 4039 542 4111 (usurus
561 4036 592 4093 ss
614 4035 776 4094 arenosos
797 4001 986 4094 necassem.
1008 4055 1034 4094 z.
1053 4036 1160 4096 aaron.
1184 4036 1542 4111 subsannarent
