3166 5238
853 373 1015 474 *ac-a-

372 571 545 652 nacionis,
562 570 722 642 videlicet
738 591 797 658 pro
814 579 938 656 quanta
954 589 1105 656 sumpma
1121 569 1263 656 pecunie
1279 568 1354 655 ipsa
1371 587 1493 656 posses-

372 681 423 747 sio
440 681 593 752 estimato
610 679 723 764 tuerit,
749 677 880 748 domiuo
897 679 979 764 Regi
995 678 1138 744 finaliter
1154 676 1354 744 rescribatis.
1373 675 1492 742 Datum

370 788 462 858 Bucle
477 788 618 878 septimo
634 788 688 854 die
705 797 900 856 octauarum
921 787 1016 855 Beati
1033 787 1165 858 Martini
1182 783 1392 854 Confessoris
1409 804 1492 850 anno

372 896 503 968 Domini
518 899 569 964 Μο
586 897 656 966 00⁰
672 897 885 984 nonagesimo
907 917 1003 967 nono.

444 1095 556 1161 Jepyaet.
570 1091 754 1164 Bb'rhtrtyun
767 1091 829 1148 kelt
842 1091 905 1148 utut
917 1089 1002 1160 level,
1016 1089 1124 1157 httirat
1137 1089 1245 1156 nellriil,
1260 1085 1380 1162 possete
1394 1087 1491 1144 eltiint.

373 1181 520 1240 Akekkbi
533 1179 731 1240 levoltarban:
747 1183 829 1239 Fuso.
845 1182 869 1237 1.
883 1179 951 1238 Nro.
966 1181 1007 1237 11.
1028 1169 1109 1249 urcy.

900 2028 980 2095 156.

372 2207 403 2280 Α
412 2212 568 2298 pozsonya'
577 2212 707 2298 proposi
723 2212 810 2294 sajet
836 2210 867 2272 e‘a
882 2208 1074 2295 ledptalunja
1090 2207 1220 2286 neodhere
1236 2207 1343 2293 Nyclci
1367 2204 1492 2283 Mitius,

380 2316 473 2382 Veros
487 2316 581 2380 Peter
591 2365 602 2402 ,
627 2314 702 2378 Bod
719 2312 838 2378 Milclos
854 2315 885 2378 cs
900 2311 1009 2378 Peleoi
1028 2312 1145 2379 Tumor
1162 2312 1259 2401 allen,
1283 2314 1340 2377 lcilc
1358 2310 1493 2379 Chalestr-

504 2421 619 2509 faleor
636 2420 893 2488 ablutatorrmal
909 2419 1111 2506 alfoplultdlc.
1129 2422 1362 2486 1290-1299.

1576 2491 1578 2584 l

479 2621 549 2687 Nos
567 2618 755 2704 Capitulum
773 2618 923 2686 Ecclesie
939 2614 1125 2686 lauriensis
1151 2617 1267 2687 damus
1293 2641 1353 2706 pro
1380 2639 1493 2686 memo·
1575 2677 1577 2709 ,

372 2727 439 2812 ria,
466 2729 554 2810 quod
571 2729 766 2796 constitutus
792 2749 904 2795 coram
928 2727 1025 2796 nobis
1043 2727 1246 2796 honorabilis
1272 2728 1323 2797 vir
1339 2730 1494 2810 magister
1575 2717 1576 2786 l

373 2835 579 2922 Seraphinus
607 2837 799 2920 Prepositus
825 2833 1038 2903 Posoniensis
1065 2835 1196 2902 nomine
1218 2855 1278 2902 suo
1305 2844 1338 2901 et
1367 2835 1492 2902 nomine
1573 2821 1574 2846 ³

375 2943 522 3028 Capituli
545 2943 694 3011 Ecclesie
710 2962 767 3010 sue
777 2995 787 3029 ,
813 2963 874 3010 sua
890 2941 985 3010 nobis
1002 2943 1246 3028 protestacione
1267 2943 1493 3010 demonstrare

374 3053 501 3119 curauit
517 3059 551 3118 et
567 3051 661 3136 dixit,
673 3051 760 3136 quod
776 3071 847 3118 cum
864 3052 1034 3138 possessio
1050 3052 1190 3135 quedam
1201 3053 1322 3135 Turne,
1340 3071 1402 3120 seu
1413 3051 1491 3120 Ohu·

372 3160 543 3231 kurfoluua
560 3158 647 3250 (igy)
664 3168 784 3230 vocata
793 3212 802 3246 ,
821 3163 854 3227 iu
871 3163 1037 3229 comitatu
1052 3163 1249 3231 Posoniensi
1270 3163 1438 3245 existens,
1454 3157 1493 3227 acl

373 3268 558 3335 Ecclesiam
584 3288 677 3334 suam
695 3269 928 3336 Posoniensem
953 3269 1154 3354 pertineret,
1182 3268 1265 3334 etin
1291 3270 1493 3353 corporalem

372 3377 616 3470 possessionem
634 3374 720 3443 dicte
737 3377 956 3460 possessionis
973 3377 1164 3462 Prepositus
1182 3386 1214 3444 et
1231 3376 1423 3464 Capitulum
1439 3378 1492 3442 Ec-

373 3483 473 3552 clesie
483 3484 693 3554 Posoniensis
705 3485 749 3553 ad
759 3485 950 3552 mandatum
962 3493 995 3551 ct
1005 3491 1196 3571 preceptum
1207 3485 1331 3552 domini
1341 3485 1444 3571 Regis
1454 3488 1493 3548 iu·

372 3589 465 3659 ducti
481 3590 640 3673 fuissent,
666 3596 700 3657 et
712 3590 859 3676 pluribus
884 3591 980 3656 annis
997 3592 1134 3677 pacifice
1161 3612 1235 3658 eam
1251 3593 1492 3678 possedissent;

372 3699 532 3769 Nicolaus
549 3697 633 3765 tilius
650 3698 806 3764 Johanka
823 3693 909 3786 (lgy)
927 3697 968 3766 de
985 3699 1069 3782 Nek,
1088 3699 1205 3767 Petrus
1222 3699 1349 3785 Rufus,
1375 3701 1492 3768 Ohama

372 3809 415 3876 de
430 3807 528 3876 Paka
543 3813 577 3873 et
592 3805 748 3873 Nicolaus
766 3806 873 3873 dictus
891 3807 973 3892 Bud,
998 3807 1136 3876 Nobiles
1154 3809 1197 3875 de
1214 3807 1385 3876 Comitatu
1401 3809 1493 3876 Poso-

371 3916 479 3985 niensi
504 3915 598 4000 ipsos
613 3914 820 3999 Propositum
846 3922 878 3981 et
896 3914 1084 4000 Capitulum
1110 3918 1152 3984 de
1177 3917 1397 4004 possessione
1423 3920 1490 4002 ipsa

373 4029 487 4092 contra
504 4023 608 4091 Deum
625 4032 657 4092 ct
670 4025 862 4110 justiciam,
880 4046 945 4092 non
963 4027 1174 4094 obstantibus
1194 4015 1314 4095 litteris
1332 4033 1366 4094 et
1383 4027 1491 4096 instm·

371 4133 510 4216 mentis,
529 4131 635 4199 eciam
662 4153 736 4200 ase
753 4133 836 4218 ipsis
864 4132 990 4202 eisdem
1005 4136 1192 4220 concessis,
1219 4156 1280 4222 per
1306 4137 1490 4222 potenciam

371 4240 523 4326 magistri
538 4241 663 4308 Mathai
680 4240 721 4310 de
738 4239 928 4311 Trinchinio
957 4251 991 4309 et
1009 4243 1145 4311 Comitis
1162 4246 1378 4312 Posoniensis
1399 4263 1490 4328 expu-

370 4347 488 4416 lissent
504 4354 537 4413 et
554 4350 740 4436 eiecissent,
756 4351 864 4438 ipsam
879 4351 943 4420 sibi
960 4353 1207 4436 possessionem
1221 4355 1439 4440 occupando,
1457 4370 1490 4419 ex

373 4474 438 4542 qua
469 4456 663 4543 expulsione
689 4465 721 4526 et
752 4458 972 4542 usurpaeione
999 4459 1153 4528 Ecclesia
1181 4464 1257 4546 ipsa
1281 4461 1489 4530 Posoniensis

372 4561 516 4647 dampna
532 4587 656 4651 magua
673 4571 705 4630 et
721 4565 860 4650 grauia,
888 4586 928 4631 ac
944 4565 1100 4634 iniuriam
1119 4591 1186 4637 non
1203 4568 1371 4637 modicam
1397 4587 1489 4655 passa

371 4671 546 4742 extitisset.
571 4676 611 4741 In
627 4673 718 4741 cuius
735 4675 993 4757 protestationis
1009 4675 1235 4747 testimonium
1252 4685 1439 4764 presentes,
1455 4674 1489 4745 ad
