3262 5242
155 1166 225 1232 ΙΙΙ.
245 1166 351 1229 Endon
367 1165 475 1252 leira'ly
490 1167 619 1248 Julian,
653 1166 748 1230 Vince
756 1167 816 1250 fio,
830 1169 983 1254 pozsonpi
1005 1168 1118 1253 polpdr
1139 1169 1285 1232 szdmdrn

155 1276 334 1362 moperd'se'ti
351 1274 410 1339 IV.
428 1275 542 1339 Ldszlo
564 1274 739 1362 leiro‘lyeolo
750 1273 845 1338 Plane
860 1277 943 1338 oeos'l
957 1276 1099 1344 dirlolero
1115 1275 1287 1340 oonotleoao

565 1382 768 1468 odomdopdt.
785 1383 882 1446 1291.

268 1577 449 1668 (Annas
477 1581 541 1646 oei
568 1581 683 1664 grana
709 1564 1111 1665 Hungarie,Da1maeie,
1137 1581 1283 1666 creasse,

155 1695 274 1774 Rome,
294 1690 433 1772 Seruio,
452 1688 613 1769 Gallioio,
632 1687 848 1774 Lodomerie,
874 1689 1029 1755 Cumanie
1040 1739 1049 1771 ‚
1066 1691 1285 1776 Bulgarieque

153 1801 230 1864 Rex
246 1799 399 1863 omnibus
418 1795 539 1864 Christi
566 1796 718 1864 fidelibus
734 1801 907 1880 presentes
930 1797 1061 1864 litteras
1088 1797 1284 1882 inspecturis

154 1908 299 1974 salutem
316 1905 350 1972 in
368 1907 513 1974 omnium
537 1907 719 1972 saluatore.
743 1906 797 1972 Ad
813 1907 1040 1974 uniuersorum
1065 1908 1221 1974 noticiam
1237 1913 1284 1972 te·

153 2037 239 2084 nore
255 2019 462 2103 presencium
487 2019 641 2088 uolumus
656 2017 840 2102 peruenire,
866 2017 954 2108 quod
970 2017 1188 2085 consideratis
1205 2017 1284 2084 fide-

153 2124 306 2191 litatibus
325 2135 356 2192 et
374 2125 589 2193 seruioiorum
615 2124 741 2190 meritis
760 2123 895 2191 Comitis
912 2125 1032 2192 Jaoobi
1051 2121 1110 2190 filii
1127 2125 1222 2192 Vinci
1241 2127 1284 2194 oi-

152 2235 207 2300 uis
225 2232 437 2300 Posoniensis
454 2231 563 2300 fidelis
581 2231 706 2316 nostri,
736 2251 800 2315 quo
816 2231 912 2298 nobis
930 2239 1006 2316 post
1021 2234 1143 2318 adepta
1169 2233 1284 2316 guber·

153 2342 277 2408 naoula
293 2341 396 2408 nostri
413 2341 585 2424 regiminis
614 2340 767 2432 exhibuit
782 2343 814 2404 et
830 2339 1009 2426 impendit,
1039 2339 1203 2424 quandam
1220 2346 1283 2408 ter·

154 2473 230 2518 ram
249 2451 350 2517 eastri
367 2454 473 2534 nostri
485 2450 700 2518 Posoniensis
717 2451 1005 2538 Plumouooatam,
1024 2470 1162 2520 raouam
1180 2459 1212 2518 et
1228 2452 1286 2518 ha·

153 2560 354 2627 bitatoribus
374 2561 566 2628 destitutam
583 2579 643 2644 per
669 2557 837 2625 dominum
862 2561 987 2644 Regem
1003 2561 1198 2627 Ladizlaum
1218 2559 1283 2628 fra·

153 2675 239 2736 trem
255 2676 402 2735 nostrum
420 2667 602 2754 patruelem
619 2668 651 2733 ei
666 2667 833 2733 mediante
848 2687 909 2734 suo
926 2667 1102 2754 priuilegio
1120 2671 1284 2754 collatam,

155 2785 189 2844 et
207 2779 388 2872 peripsum
406 2755 569 2847 Jacobum
587 2797 693 2863 usque
718 2777 817 2843 modo
841 2797 1050 2863 possessam,
1076 2780 1141 2866 ipsi
1157 2781 1283 2846 Jaeobo

154 2891 188 2949 et
199 2905 268 2970 ,per
284 2905 357 2966 eum
374 2886 443 2952 suis
459 2884 636 2952 heredibus
647 2882 868 2966 heredumque
886 2903 1018 2950 suorum
1036 2887 1283 2959 suecessoribus

155 2975 322 3077 dedimus,
340 2992 533 3059 donauimus
550 2999 583 3058 et
594 2991 788 3057 contulimus
805 2991 875 3058 iure
885 2999 1044 3078 perpetuo
1060 2991 1196 3079 paeifioe
1207 3015 1282 3079 pos·

154 3099 330 3168 sidendam
359 3097 431 3166 sine
456 3098 641 3184 preiudioio
666 3098 746 3165 iuris
772 3098 891 3182 alieni,
917 3101 1097 3167 seeundum
1123 3103 1208 3183 quod
1225 3124 1283 3189 per

154 3210 324 3277 dominum
341 3211 461 3294 Regem
478 3209 673 3276 Ladizlaum
697 3207 834 3276 fratrem
859 3216 1005 3276 nostrum
1023 3209 1201 3294 patruelem
1218 3214 1283 3298 ipsi

154 3319 277 3387 Comiti
292 3319 419 3386 Jaoobo
438 3318 562 3384 donata
580 3316 760 3383 dinoscitur
778 3321 810 3381 et
828 3316 963 3384 collata.
988 3319 1027 3383 In
1040 3318 1131 3383 ouius
1148 3319 1196 3383 rei
1213 3340 1277 3387 me-

154 3429 295 3494 moriam
311 3434 343 3494 et
359 3435 550 3511 perpetuam
577 3425 766 3494 firmitatem
790 3432 964 3512 presentes
982 3426 1201 3495 oonoessimus
1227 3407 1273 3494 ml

155 3545 246 3619 teras
264 3537 406 3624 dupliois
423 3537 526 3620 sigilli
542 3537 648 3603 nostri
673 3536 854 3602 munimine
869 3538 1053 3603 roboratas.
1081 3539 1203 3604 Datum
1221 3557 1279 3624 per

84 3713 85 3716 ,
158 3667 278 3714 manus
295 3644 431 3713 disereti
447 3647 509 3713 viri
526 3646 675 3732 magistri
687 3645 853 3714 Theodori
869 3647 1026 3714 Albensis
1037 3647 1186 3715 Roolesie
1203 3649 1280 3714 Pre-

159 3756 262 3842 positi
279 3755 354 3820 aule
377 3762 487 3823 nostre
510 3753 824 3840 Vite-Oanoellarii,
850 3755 963 3822 dileoti
980 3763 1013 3823 ot
1036 3755 1143 3824 fidelis
1167 3757 1281 3841 nostri,

157 3884 245 3930 anno
269 3863 401 3930 Domini
426 3863 477 3929 Μο
505 3862 575 3929 00ο
599 3865 815 3948 nonogesimo
841 3865 944 3950 primo
962 3867 999 3933 V.
1025 3865 1190 3935 kalendas
1213 3867 1280 3933 No·

158 3973 314 4058 ventris,
331 3972 435 4055 Regni
455 3976 568 4058 autom
582 3973 686 4038 nostri
702 3992 788 4039 anno
808 3973 885 4040 II-o.

397 4163 544 4230 (Eredetie
556 4167 693 4241 Ponsony
705 4168 790 4227 viros
803 4165 1028 4241 levdltdrdban.)

590 4469 864 4484 utnon-aenam*
