3166 5238
586 334 748 436 jar-

95 539 194 608 dicta
211 536 423 624 possessione
439 530 619 618 Bogartclk
636 529 893 616 distinguentem
909 527 1102 596 erexissent.
1119 527 1162 594 Et
1180 525 1229 593 sie

93 648 317 714 terminantur
340 649 426 711 mete
450 640 673 730 possessionis
696 637 897 722 Bogartelke
914 640 1097 720 prenotate,
1123 631 1230 719 legiti-

96 756 166 824 mis
183 753 302 820 diebus
317 750 441 820 ibidem
455 749 707 834 expectantibus
723 745 855 814 nemine
871 745 1112 814 contradictore
1129 759 1228 825 appa·

96 872 209 930 rente.
227 860 347 928 Datum
363 859 397 926 in
425 858 512 925 festo
531 858 634 923 Beate
661 853 1000 936 Kathorineuirginis
1017 856 1050 918 et
1064 849 1231 936 martyris,

98 992 195 1040 anno
212 970 387 1058 prenotato
404 961 592 1051 (millesimo
609 962 688 1030 00⁰.
705 959 895 1028 Lxxxx0.
912 955 1025 1047 nono).

227 1231 230 1237 1
342 1159 482 1235 (Teutscb
496 1156 527 1216 ds
541 1154 703 1215 Firnbaber
716 1155 754 1211 id.
767 1173 804 1212 m.
817 1156 839 1212 Ι.
852 1154 881 1210 k.
894 1155 956 1212 214.
970 1151 1001 1222 l.)

546 1458 814 1470 m...-

112 2184 149 2252 Α
165 2186 257 2274 pyrre
270 2185 430 2273 triptotam
453 2181 735 2275 biaooyectpleoele,
759 2182 876 2271 boppo
900 2179 1032 2248 edeodri
1045 2179 1200 2270 kdptulao
1215 2184 1247 2248 ts

114 2293 266 2360 Herbord
279 2291 360 2382 prof
371 2315 411 2360 aa
426 2292 483 2360 Oet
497 2289 718 2380 cemoeteepbdl
732 2289 874 2356 Ilmeaeb
898 2288 1064 2356 uereor
1078 2289 1250 2360 omutkoad

189 2401 485 2490 cppcoetlermtpdlret
505 2401 692 2490 dormiretque
707 2403 783 2467 eron
802 2395 1061 2487 kiepyeulttettele.
1081 2399 1180 2465 1299.

230 2599 301 2670 Nos
316 2599 508 2687 Oapitulum
524 2599 714 2671 Jauriensis
740 2595 893 2667 Ecclesie
910 2594 1028 2664 damus
1044 2615 1104 2684 pro
1121 2615 1247 2666 memo-

119 2709 187 2796 ria,
203 2708 293 2795 quod
309 2711 472 2780 discretus
487 2710 538 2778 vir
555 2708 717 2797 magister
733 2707 912 2795 Nicotaus,
929 2705 1121 2794 Propositus
1138 2706 1251 2778 Oastri

121 2818 253 2905 Ferrei,
269 2824 339 2890 tam
355 2838 415 2905 pro
431 2837 469 2888 se
478 2865 488 2902 ,
515 2837 614 2903 quam
629 2836 690 2905 pro
706 2815 861 2903 Oapitulo
877 2814 1028 2885 Ecclesie
1047 2835 1107 2884 sue
1123 2815 1167 2884 ab
1184 2835 1252 2884 una

124 2931 244 3012 parte3
260 2925 382 2996 nobilis
397 2925 448 2996 vir
463 2925 621 3012 magister
630 2923 823 2994 Herbordus
838 2923 926 2992 iilius
937 2921 1075 2992 Comitis
1086 2921 1252 2991 Herbordi

124 3033 308 3118 degenere
327 3033 386 3106 orl
401 3053 444 3104 ex
459 3035 577 3120 altere,
595 3052 707 3102 coram
721 3031 817 3102 nobis
833 3030 1055 3120 personaliter
1071 3029 1253 3116 constituti,

125 3159 232 3226 super
247 3162 360 3227 eausa,
383 3161 482 3228 quem
497 3140 585 3211 idem
601 3138 753 3210 dominus
769 3139 962 3228 Propositus
982 3145 1096 3208 contra
1111 3139 1255 3209 eundem

128 3248 324 3334 magistrum
334 3250 544 3321 Herbordnm
558 3252 594 3320 iu
605 3248 790 3334 quindenis.
809 3249 1020 3318 Pentecostes
1033 3247 1256 3317 mouebateen

130 3375 267 3426 mouere
282 3357 476 3428 intendebat
485 3379 599 3430 eoram
609 3357 742 3426 domiuo
758 3357 860 3442 Rege,
876 3375 936 3444 per
946 3355 1154 3426 amicabilem
1172 3375 1257 3424 com·

131 3465 339 3551 posicionem
363 3467 540 3552 proborum
565 3471 600 3535 et
617 3465 776 3536 nobilium
794 3463 935 3534 virorum
946 3515 957 3551 ,
985 3463 1136 3533 uidelicet
1154 3464 1258 3552 magi·

131 3579 236 3644 strum
253 3573 442 3662 Oaraehyni
456 3574 623 3662 Propositi
644 3573 794 3644 Ecclesia
810 3580 931 3658 nostre,
948 3571 1127 3660 Dominicij
1142 3573 1260 3658 Propo·

136 3680 196 3750 siti
220 3680 369 3752 Ecclesie
387 3680 485 3752 Beati
508 3680 686 3750 Adalberti
710 3678 752 3748 de
776 3679 933 3764 seuero,
961 3681 1082 3767 Angeii
1107 3679 1261 3751 eustodis

135 3784 288 3856 Ecclesia
304 3795 437 3875 nostro,
462 3795 496 3860 et
510 3786 654 3858 Emerici
671 3787 904 3858 Archidiaeoni
920 3787 1159 3874 Musuniensis;
1183 3791 1263 3858 item

138 3894 293 3980 magistri
310 3894 369 3968 Osl
385 3897 446 3984 filij
458 3895 517 3966 Osi
532 3896 629 3983 Beni,
642 3893 782 3964 conius
796 3895 950 3984 Dionysij
967 3895 1027 3964 dlii
1041 3894 1265 3966 Bartholomei

139 4003 182 4071 de
199 4005 363 4090 Vezeken,
382 3997 530 4092 Diouisij
547 4003 608 4072 filii
624 4002 785 4073 Germani
800 4001 841 4072 de
857 4001 1041 4093 Gyrmoltb,
1062 4021 1161 4091 super
1177 4002 1264 4072 facto

139 4113 366 4198 possessionis
380 4110 527 4182 Ilmeueb
541 4118 659 4182 uocate
672 4113 708 4181 in
718 4110 884 4182 Oomitatu
894 4111 1113 4198 supruniensi
1123 4110 1266 4181 existen·

140 4219 187 4290 tis
196 4269 207 4307 ,
224 4237 305 4304 quos
321 4222 443 4306 probos
458 4218 548 4290 viros
564 4225 677 4307 partes
692 4219 908 4289 communiter
924 4219 1142 4304 adduxerant,
1161 4220 1195 4287 in
1210 4219 1268 4287 hu-

142 4325 288 4396 iusmodi
302 4328 514 4408 concordiam
530 4351 590 4402 seu
608 4329 861 4418 composicionis
884 4329 1025 4399 formem
1040 4349 1078 4400 se
1094 4329 1270 4400 deuenisse

142 4434 351 4506 retulerunt:
368 4436 521 4520 Quodne
536 4438 752 4524 interpertos
778 4436 919 4508 ulterius
941 4439 1115 4508 contencio
1139 4457 1270 4509 mouea-

143 4551 198 4612 tur
212 4542 247 4610 ie
272 4543 366 4614 dicta
389 4547 604 4634 possessione
629 4547 776 4616 Ilmoucb
792 4549 893 4618 talem
914 4545 1109 4617 diuisionem
1135 4547 1221 4616 inter
1234 4563 1273 4618 se

143 4658 262 4742 partes
279 4649 426 4742 iecerint,
442 4675 502 4747 per
518 4656 696 4741 quemdem
714 4657 811 4742 riam,
827 4675 892 4741 que
907 4655 951 4726 ab
967 4657 1093 4728 oriente
1109 4691 1153 4710 -
1168 4691 1214 4708 -
1229 4689 1274 4705 -
