3262 5242
920 1025 952 1090 4.

382 1241 405 1304 Ι
406 1240 439 1305 V.
457 1239 573 1304 Miletos
584 1245 676 1326 pcipe
687 1241 1030 1326 Beooeoutoteupobo'oi
1040 1241 1196 1327 perpotet
1207 1223 1500 1327 Muqyarorazdpru

493 1351 584 1412 adaco
600 1349 687 1413 iamet
704 1351 837 1433 apostoli
852 1349 998 1414 treanta
1008 1348 1266 1434 selbotolmoazo.
1293 1349 1401 1412 1290:

488 1547 643 1616 Nicolaus
654 1548 838 1633 Episcopus
848 1567 963 1615 seruus
981 1567 1145 1614 seruorum
1162 1547 1224 1614 Dei
1234 1545 1414 1615 venerabili
1431 1544 1497 1612 lra-

382 1657 424 1721 tri
439 1655 475 1722 B.
491 1656 654 1743 Episcopo
670 1656 862 1741 liugubino,
881 1657 1069 1742 Apostolice
1085 1653 1178 1722 Sedis
1195 1658 1331 1742 Legata,
1356 1655 1496 1721 salutem

382 1769 416 1830 et
431 1763 653 1849 Apostolieam
677 1763 946 1833 benedictionem.
972 1765 1045 1832 Etsi
1061 1764 1209 1829 Romana
1233 1761 1405 1846 Ecclesia,
1424 1783 1499 1828 cun·

382 1877 506 1940 ctorum
520 1877 622 1937 mater
639 1877 671 1936 et
686 1869 846 1957 magistra
856 1872 1013 1958 fidelium,
1030 1873 1118 1938 circa
1134 1871 1298 1938 salubrem
1314 1873 1497 1955 Regnorum

381 1979 481 2045 totius
501 1979 760 2049 Christianitatis
787 1986 907 2046 statum
934 1979 1161 2048 sollicitudinis
1189 1979 1331 2047 studium
1357 1979 1497 2068 gesserit

383 2086 569 2172 diligentis,
585 2108 607 2154 a
622 2089 729 2174 longis
746 2095 855 2155 tamen
871 2098 958 2156 retro
982 2089 1179 2173 temporibus
1197 2089 1284 2154 circa
1300 2093 1421 2156 statum
1438 2086 1497 2154 Re-

381 2197 437 2282 gni
454 2194 598 2282 Ungarie
614 2217 805 2284 prosperum
821 2204 854 2264 et
879 2199 1022 2265 votivum
1040 2216 1171 2266 secura
1190 2198 1342 2283 pervigili
1370 2207 1401 2262 et
1417 2216 1496 2280 qua·

382 2304 457 2372 dam
483 2305 617 2374 solertia
650 2307 787 2392 speciali
811 2311 969 2374 attentam
994 2305 1158 2389 exhibuit,
1194 2314 1227 2373 et
1253 2306 1407 2375 exhibere
1430 2327 1496 2374 non

369 2420 500 2497 cessat,
517 2421 548 2481 et
564 2420 631 2484 tam
647 2435 706 2501 per
722 2415 919 2502 Legatcrum
943 2415 1116 2482 missiones
1133 2414 1384 2498 accommodas,
1402 2422 1497 2501 prout

382 2528 560 2608 temporum
586 2525 728 2607 qualitas
755 2523 926 2610 exigebat,
953 2543 1051 2606 quam
1068 2523 1152 2592 alias
1172 2522 1270 2592 etiam
1287 2523 1497 2610 multipharie

381 2631 556 2715 multisque
580 2631 686 2698 modis
711 2632 866 2712 laborare
888 2632 1019 2714 studuit,
1044 2639 1079 2698 ut
1096 2638 1198 2698 status
1220 2634 1366 2700 eiusdem
1381 2633 1496 2719 Regni,

381 2740 516 2806 devotos
531 2738 621 2806 soliti
636 2740 818 2823 producere
833 2739 938 2824 filios,
958 2741 1105 2825 pacificis
1121 2746 1154 2806 et
1171 2740 1354 2822 tranquillis
1371 2757 1496 2806 succes-

382 2846 472 2913 sibus
488 2845 673 2931 fulciretur,
690 2850 762 2914 Deo
778 2855 892 2933 gratus
909 2849 1082 2930 existeret,
1108 2869 1148 2915 ac
1164 2849 1307 2915 salubris
1324 2849 1497 2914 haberetur

382 2937 414 3021 et
429 2955 518 3020 utilis
534 2955 648 3022 incolis
675 2955 753 3022 dicti
768 2957 892 3042 Regni,
911 2961 944 3022 et
959 2963 994 3020 ut
1010 2955 1092 3022 fides
1118 2955 1288 3023 Catholica
1297 3006 1306 3040 ,
1324 2977 1382 3042 per
1399 2975 1494 3039 quam

382 3063 513 3131 celestis
529 3063 743 3134 beatitudinis
754 3065 932 3147 acquiritur
949 3065 1064 3149 gloria,
1082 3063 1247 3133 radicibus
1258 3065 1374 3132 solidis
1390 3064 1498 3130 firma-

380 3178 467 3240 retur
483 3183 515 3240 et
530 3173 704 3240 stabilibus
729 3180 992 3240 manuteneretur
1009 3175 1125 3241 studiis
1146 3175 1179 3238 in
1196 3174 1318 3242 ecdem.
1339 3174 1436 3242 Unde
1453 3173 1469 3238 f
1486 3210 1498 3224 ·

380 3280 454 3347 licis
469 3280 707 3350 recordationis
724 3280 881 3350 Nicolaus
898 3283 991 3365 Papa
1015 3282 1128 3348 tertius
1146 3281 1359 3366 predecessor
1375 3289 1497 3359 noster,

381 3392 537 3475 perducto
553 3393 597 3459 ad
613 3391 682 3456 eius
692 3391 846 3456 noticiam
862 3389 974 3456 valide
985 3390 1179 3457 turbationis
1196 3389 1395 3475 discrimine,
1413 3393 1498 3474 quod

381 3498 415 3562 in
431 3497 543 3581 Regno
568 3501 640 3583 ipsc
670 3503 817 3584 tempore
844 3497 1030 3580 quondam.
1051 3499 1197 3584 ..Regis
1223 3498 1368 3585 Ungarie
1394 3520 1497 3585 nuper

382 3605 502 3674 sublati
520 3607 682 3672 demedio
699 3608 900 3684 imminebat,
918 3614 950 3669 et
965 3605 1051 3687 alia,
1079 3624 1140 3688 que
1157 3606 1344 3690 dampnatis
1362 3609 1497 3674 ausibus

380 3713 656 3800 perpetrabantur
680 3713 800 3780 ibidem
825 3713 859 3777 in
876 3713 1119 3796 derogationem
1147 3735 1209 3779 non
1235 3714 1396 3782 modicam
1421 3717 1497 3784 fidei

381 3823 577 3904 christiane,
595 3823 878 3889 conculcationem
894 3819 1120 3888 ecclesiastice
1136 3822 1299 3888 libertatis
1315 3829 1349 3890 et
1366 3844 1497 3912 oppres-

381 3935 489 4002 siones
505 3931 703 4018 multiplices
714 3930 925 4012 Prelatorum,
938 3931 1157 4000 Ecclesiarum
1174 3937 1207 3996 et
1218 3931 1498 4018 Monasteriorum,

382 4048 414 4108 et
429 4041 564 4112 aliorum
581 4040 708 4126 piorum
732 4041 876 4104 locorum
891 4037 996 4123 Regni
1022 4039 1178 4120 predicti,
1204 4039 1319 4105 volens
1347 4042 1447 4108 tantis
1465 4051 1497 4109 et

381 4157 448 4220 tam
464 4151 617 4236 gravibus
643 4148 777 4216 obviare
794 4145 947 4230 periculis
957 4195 966 4228 ,
993 4153 1025 4210 et
1041 4146 1183 4212 Oleniae
1200 4150 1361 4214 Beronum
1388 4157 1421 4216 et
1437 4170 1496 4235 po-

381 4258 449 4343 puli
465 4258 611 4325 eiusdem
627 4257 732 4343 Regni
745 4253 924 4341 dispendiis
950 4255 1160 4339 compatiens
1171 4275 1212 4319 ex
1229 4256 1360 4341 affectu,
1376 4257 1420 4326 ad
1436 4260 1496 4325 Re-

380 4385 478 4452 gnum
516 4365 621 4450 ipsum
648 4363 871 4430 venerabilem
896 4361 1030 4428 fratrem
1054 4367 1201 4428 nostrum
1229 4364 1495 4434 ...Firmanum

381 4474 597 4560 Episcopum,
623 4475 727 4539 virum
745 4472 852 4555 utique
868 4467 1033 4554 providum
1051 4472 1081 4533 et
1098 4468 1290 4552 discretum,
1316 4474 1493 4542 virtutibus

379 4580 538 4667 preditum
564 4588 595 4646 et
615 4581 751 4665 justicie
768 4580 963 4657 zelatorem,
985 4592 1056 4639 oum
1072 4576 1170 4659 plene
1186 4580 1361 4664 legationis
1386 4579 1495 4651 officio

380 4687 567 4773 destinavit,
583 4695 618 4754 ut
635 4685 796 4755 indirecta
817 4683 986 4768 dirigeret,
1014 4688 1122 4750 errata
1137 4683 1313 4771 corrigeret
1338 4693 1371 4752 et
1387 4686 1497 4758 detor.-
