3166 5238
593 359 745 460 *aa

85 553 251 642 edificijs
267 557 300 622 in
318 548 461 626 claustro
478 555 640 625 faciendis
650 608 659 642 ‚
685 558 740 624 vel
757 579 816 644 pro
833 558 1013 628 reficiendo
1029 561 1233 628 Monasterio

83 683 139 730 ac
162 665 337 733 domorum
351 666 386 732 in
403 667 549 734 claustro
562 666 778 734 existencium
788 665 998 752 indiguerint,
1021 667 1158 736 liberem
1174 669 1232 735 ba·

84 771 212 840 beant
227 773 439 861 facultatem,
467 773 636 842 incidendi
651 774 743 859 ligna
756 775 790 841 in
806 777 904 862 syloa
919 776 1048 859 Leske,
1067 783 1100 842 et
1116 797 1233 864 expor-

86 881 200 948 tandi
216 881 286 950 sine
311 883 422 966 aliquo
448 881 680 968 impedimento
706 883 971 968 quotiescunque
994 883 1169 952 voluerint.
1194 885 1234 951 ln

89 988 203 1056 cuius
220 991 270 1058 rei
285 991 475 1060 memoriam
492 997 525 1056 et
541 997 732 1077 perpetuam
748 991 957 1074 firmitatem,
984 991 1070 1061 hanc
1097 999 1232 1074 cartam,

88 1099 228 1166 seriem
245 1099 502 1184 permutationis
519 1101 752 1182 continentem,
774 1101 885 1185 sigillo
902 1106 1034 1184 nostro,
1060 1099 1184 1168 Abbati
1200 1105 1234 1167 et

90 1207 313 1275 Monastcrio
330 1207 479 1294 sepefato
497 1208 615 1276 damus
626 1215 660 1276 et
674 1206 834 1276 tradimus
851 1207 1091 1289 consignatam.
1108 1209 1231 1276 Datum

92 1316 136 1382 in
156 1315 305 1386 Klusuar
322 1315 356 1384 in
372 1319 456 1386 iesto
472 1317 699 1385 Excitacionis
716 1318 837 1385 Sarute
854 1315 977 1402 Crucis,
995 1337 1084 1385 anno
1101 1317 1235 1386 Domini

90 1425 165 1491 M0.
183 1410 266 1498 00⁰.
282 1426 497 1510 nonagesimo
521 1446 621 1494 nono.

325 1637 465 1712 (Teutscb
478 1637 510 1696 es
524 1639 689 1698 Firnhaber
700 1639 739 1698 id.
752 1657 791 1696 m.
803 1639 825 1698 L
838 1641 899 1698 kct.
913 1638 974 1698 alo.
987 1638 1019 1712 l.)

545 1963 799 1981 mm

626 2529 701 2598 144.

104 2743 224 2808 nasale
239 2743 358 2831 erdelyr‘
381 2745 482 2832 oojdu
499 2746 597 2812 eccela
615 2744 749 2832 solyida
768 2747 892 2811 iciodott
907 2746 1040 2810 stratae·
1056 2767 1230 2832 parnasso.

622 2855 719 2920 1299.
1097 2851 1101 2857 ’

224 3051 349 3118 Amicis
375 3051 444 3120 suis
469 3051 660 3122 reverendis
687 3049 874 3120 honorabili
900 3050 1055 3136 capitulo
1081 3051 1231 3120 Ecclesia

101 3158 342 3228 Transsiluane
367 3161 546 3231 Ladizlaus
573 3161 751 3248 Woyooda
768 3159 1027 3229 Transsiluanus
1053 3164 1086 3226 et
1112 3161 1230 3229 Comes

102 3265 147 3332 de
164 3267 281 3335 Zonuk
307 3268 492 3336 amiciciam
516 3275 670 3357 paratam
688 3289 762 3336 cum
777 3268 913 3335 bonore.
940 3267 1029 3334 Dicit
1044 3269 1140 3335 nobis
1156 3267 1230 3334 reli·

103 3373 219 3458 giosus
234 3375 285 3442 vir
300 3375 402 3442 frater
412 3377 559 3446 Lazarus
570 3378 684 3447 Abbas
696 3378 737 3446 do
749 3377 1029 3460 Oolusmonustra,
1047 3376 1136 3459 quod
1146 3373 1229 3460 ipse,

103 3484 139 3548 in
156 3481 336 3552 dominium
361 3485 530 3554 cniusdam
555 3487 776 3573 possessionis
801 3505 861 3553 suc
886 3485 1086 3570 Bogartelke
1110 3489 1229 3553 vocate

103 3590 139 3656 in
157 3591 322 3660 comitatu
347 3592 388 3660 de
405 3595 483 3664 (ilus
510 3595 694 3680 existentis,
721 3615 779 3681 per
796 3594 1021 3663 venerabilem
1046 3593 1080 3659 in
1100 3593 1230 3662 Christo

103 3705 232 3785 patrem
250 3699 415 3768 dominum
430 3705 564 3770 Petrum
580 3703 801 3790 Episcopum,
829 3702 996 3770 dominum
1013 3707 1046 3769 et
1065 3702 1230 3770 Prolatum

104 3813 253 3874 vestrum
269 3807 303 3874 in
319 3808 424 3877 forma
441 3811 696 3896 composicionis
712 3813 746 3878 in
767 3810 991 3879 concambium
1007 3811 1231 3895 possessionis

104 3918 328 4006 Sendgyorgb
345 3925 379 3986 et
394 3921 478 3988 silue
489 3923 599 3991 Leske
615 3929 807 3991 vocatarum
824 3921 936 3990 sibiet
951 3939 1010 3988 suo
1027 3921 1228 3987 Monasterio

104 4025 342 4112 perpetualiter
369 4026 457 4112 date,
483 4029 630 4112 legitime
655 4030 756 4095 vellet
772 4027 928 4111 introire,
956 4029 983 4093 si
1010 4023 1230 4097 contradiccio

104 4133 288 4218 cuiuspiam
306 4135 370 4202 sibi
387 4157 454 4204 non
471 4137 622 4204 obviaret
637 4137 671 4202 in
684 4137 746 4205 bac
762 4143 870 4222 parte.
893 4137 997 4221 Super
1011 4141 1230 4218 quovestram
1320 4153 1324 4159 ·

105 4243 294 4313 amiciciam
321 4245 527 4332 presentibus
552 4248 748 4331 requirimus
765 4253 974 4332 reuerenter,
997 4250 1159 4328 quatenus
1175 4264 1230 4312 ve·

104 4361 206 4420 strum
226 4355 363 4420 mittatis
381 4355 544 4420 bominem
570 4376 630 4440 pro
647 4355 834 4422 testimonio
859 4353 1061 4436 fidedignum
1082 4370 1144 4435 quo
1159 4369 1229 4436 pre-

105 4468 199 4528 sente
216 4461 385 4549 Nycolaos
402 4462 454 4530 vel
480 4461 652 4530 Jobannes
669 4461 799 4530 nobiles
816 4462 857 4529 de
872 4466 984 4547 Mera,
1001 4467 1058 4527 aut
1072 4458 1231 4543 Magister

104 4569 274 4656 Nycolaus
301 4568 384 4636 chol
414 4570 522 4638 dictus
549 4573 591 4639 de
616 4571 894 4658 Zentbmybeltek
927 4570 1005 4656 alijs
1037 4567 1231 4636 absentibus

104 4677 200 4750 homo
226 4686 350 4764 noster,
374 4679 585 4770 presentibus
611 4680 728 4752 vicinia
751 4687 785 4753 ei
809 4679 1048 4753 commetaneis
1077 4675 1226 4771 predicte
