3262 5242
628 309 788 416 L

147 511 307 582 modestis
324 508 493 593 inclinati,
520 507 766 575 considerantes
793 509 1023 578 nichilominus
1039 510 1219 582 fidelitates
1236 521 1269 581 et

146 621 290 689 seruicia
307 620 483 688 eorundem
500 617 596 684 nobis
608 624 640 683 ct
655 619 769 700 Regno
780 619 936 704 prolicua,
954 625 1124 686 cernentes
1142 627 1174 685 et
1189 643 1266 704 pau-

146 736 292 818 perlatas
308 735 340 794 et
356 727 609 812 indempnitates
635 726 780 812 ipsorum
799 727 964 812 hospitum
989 733 1175 796 nostrorum
1191 751 1267 817 pro·

146 847 221 925 pter
253 837 408 924 temporis
440 835 657 922 impacaciam
689 855 884 922 perpessam
917 837 1053 921 prefatis
1083 837 1268 925 hospitibus

146 947 268 1015 nostris
286 945 513 1028 senesanna,
535 943 745 1032 congregatis
763 951 796 1012 et
811 945 1061 1033 congregandis,
1082 948 1175 1014 illam
1193 969 1268 1016 ean-

147 1057 222 1122 dam
238 1055 423 1122 libertatem
435 1055 628 1122 contulimus
639 1063 672 1119 et
688 1055 922 1138 concessimus,
940 1076 1006 1139 qna
1017 1056 1167 1122 libertate
1178 1057 1267 1124 eines

147 1163 191 1230 de
209 1165 325 1232 Oastro
340 1165 500 1247 Budensi,
528 1171 560 1230 et
577 1163 816 1247 strigoniensi,
832 1169 863 1230 et
879 1163 1028 1248 hospites
1044 1163 1085 1230 de
1100 1165 1267 1250 Zathmar,

148 1294 190 1340 ac
208 1275 346 1339 aliarum
362 1274 537 1340 liberarum
564 1272 716 1352 villarum
733 1279 914 1339 nostrarum
934 1271 1148 1357 perfruuntur.
1166 1273 1218 1338 Ita
1234 1281 1268 1339 ut

147 1381 281 1448 villicus
297 1380 444 1468 ipsorum
469 1401 529 1464 pro
557 1387 704 1465 tempore
729 1383 942 1460 constitutus,
965 1401 1079 1448 omncs
1100 1400 1217 1450 causas
1233 1383 1268 1448 in

146 1490 229 1555 villa
246 1499 451 1574 emergentes
467 1489 529 1556 fine
547 1489 659 1557 debito
676 1489 789 1558 valeat
807 1489 992 1574 terminare,
1012 1495 1044 1556 et
1060 1489 1145 1572 quod
1161 1491 1268 1558 nullus

146 1599 241 1683 ipsos
258 1602 364 1684 possit
389 1600 534 1668 iudicare
558 1606 668 1684 preter
687 1597 832 1666 villicum
858 1618 987 1677 eorum,
1014 1601 1057 1666 ab
1074 1599 1200 1666 eisdem
1226 1599 1269 1668 de

146 1709 310 1774 communi
325 1712 496 1776 voluntate
514 1711 674 1791 electum,
707 1714 740 1775 et
756 1709 784 1774 si
801 1707 930 1776 uillicus
949 1709 982 1774 in
1008 1708 1163 1776 facienda
1179 1709 1291 1788 iusti-¹,

144 1818 202 1883 cia
220 1839 291 1884 cunt
307 1818 375 1884 suis
392 1819 525 1885 villanis
542 1817 713 1902 negligens
730 1818 884 1884 inuentus
901 1818 1000 1884 fuerit
1030 1824 1087 1884 aut
1102 1818 1267 1902 remissus,

144 1925 237 1992 idem
252 1923 393 2009 villicus,
405 1933 437 1991 et
447 1946 512 1993 non
522 1926 683 2010 hospites,
696 1927 819 1992 debeat
831 1925 1009 2009 conueniri,
1022 1927 1194 2013 ipsumque
1209 1927 1267 1995 vil·

143 2036 428 2120 licumnonalins,
440 2035 564 2102 sedbel
581 2056 642 2103 nos
652 2035 880 2122 personaliter,
898 2036 952 2100 uel
965 2035 1122 2118 Magister
1132 2037 1267 2102 Tawar-

144 2146 293 2212 uicorum
320 2149 502 2208 nostrorum
526 2145 597 2212 vice
623 2149 736 2210 nostra
761 2143 883 2209 debeat
911 2141 1078 2226 iudicare,
1104 2164 1125 2208 a
1150 2143 1268 2210 iudicio

145 2260 260 2317 autem
277 2259 310 2318 et
326 2251 555 2319 iurisdiocionc
582 2251 756 2336 Wayuode
772 2249 1000 2318 Transsiluani
1027 2260 1059 2318 et
1076 2249 1212 2318 Comitis
1229 2253 1270 2320 de

144 2360 262 2426 Zonuk
277 2380 336 2446 pro
359 2367 511 2446 tempore
540 2360 729 2444 constituti,
757 2359 902 2442 hospites
919 2367 1050 2426 nostros
1074 2366 1269 2426 memoratos

144 2471 275 2555 penitus
293 2471 443 2537 duximus
461 2471 674 2555 eximendos,
692 2473 840 2538 volumus
857 2471 973 2556 eciam,
993 2476 1028 2535 ut
1045 2469 1153 2538 nullus
1168 2471 1269 2537 Baro·

144 2597 224 2642 num
241 2584 425 2646 nostrorum
443 2598 540 2662 super
565 2577 655 2663 ipsos
673 2577 853 2662 hospicium
880 2578 991 2644 facere
1015 2578 1120 2665 possit
1147 2577 1268 2644 violen-

144 2693 224 2750 tum.
239 2688 320 2752 Item
336 2685 535 2769 ordinamus,
553 2693 588 2753 vt
604 2688 747 2758 Comites
764 2685 903 2754 (laniare
920 2696 1029 2754 nostre
1046 2707 1106 2772 pro
1122 2694 1270 2773 tempore

144 2795 314 2862 constituti
331 2794 478 2863 salioidis
496 2815 563 2862 sew
580 2794 795 2862 excisoribus·
812 2795 931 2862 salium
949 2797 989 2862 de
1010 2797 1194 2864 Desakana
1210 2815 1269 2881 pro

146 2903 286 2988 singulis
298 2911 425 2970 centum
437 2905 562 2972 salibus
573 2905 705 2972 soluera
716 2901 761 2989 (lg
766 2902 804 2991 y)
817 2903 960 2970 debeant
973 2911 1110 2987 quatuor
1125 2908 1271 2992 pondera

50 2999 55 3007 ⁵
78 3002 85 3011 ’
146 3015 182 3078 in
199 3014 347 3098 denarijs
359 3064 367 3098 ,
393 3020 489 3098 prout
505 3018 581 3078 tunc
597 3013 630 3077 in
652 3014 823 3098 prouincia
845 3023 994 3098 current,
1021 3020 1054 3080 et
1069 3015 1270 3093 delatoribus

146 3123 324 3190 eorundem
341 3123 477 3206 salium,
507 3123 568 3189 sub
586 3123 734 3208 predicto
752 3125 941 3191 centenario
958 3143 1090 3191 numero
1108 3124 1170 3189 dno
1186 3107 1270 3208 poin-

146 3231 229 3300 dera
242 3233 373 3299 soluere
383 3238 570 3313 teneantur,
588 3231 739 3297 similiter
754 3233 788 3298 in
801 3231 949 3318 denarijs
960 3232 1170 3298 currentibus.
1188 3233 1270 3297 Item

99 3425 103 3431 Ι
146 3342 330 3424 statuimus,
348 3341 431 3424 quod
449 3340 629 3423 quamlibet
647 3340 859 3408 salifodinam
877 3341 955 3407 dicti
972 3339 1115 3407 Comites
1132 3340 1271 3407 Camere

147 3456 272 3534 nostre,
290 3451 376 3517 omni
389 3471 486 3535 anno,
505 3450 660 3534 usquead
676 3449 794 3516 festum
806 3451 917 3519 Sancti
933 3449 1094 3520 Johannis
1110 3450 1269 3536 Baptista,

147 3581 209 3646 pro
236 3561 363 3644 septeni
389 3563 507 3626 marcis
535 3579 607 3626 oum
633 3560 849 3626 extimacionc
875 3559 1019 3626 debeant
1044 3557 1203 3627 redimere
1226 3559 1269 3625 ab

147 3669 334 3756 hospitibus
359 3670 482 3736 nostris
508 3669 716 3753 memoratis,
752 3677 784 3734 et
811 3689 832 3734 a
858 3669 942 3738 festo
968 3669 1083 3736 Sancti
1107 3669 1269 3736 Johannis

146 3781 296 3868 Baptista
322 3797 426 3862 usque
451 3779 569 3846 festum
597 3779 710 3846 Sancti
735 3778 866 3844 Martini
891 3779 1041 3846 similiter
1067 3799 1126 3865 pro
1142 3783 1270 3863 septem

148 3887 268 3955 marcis
295 3907 367 3954 curn
396 3888 624 3955 extimacionc'
643 3888 824 3971 quamlibet
856 3888 1067 3956 salifodinam
1097 3887 1269 3954 redimant.

147 3997 231 4064 Item
249 3998 487 4075 concessimus,
514 4003 549 4063 ut
566 4002 645 4063 ante
662 3997 784 4065 festum
801 3995 914 4065 Sancti
930 3998 1061 4064 Martini
1085 3996 1188 4064 tribus
1203 3995 1271 4062 die·

147 4105 211 4172 bns
229 4111 353 4191 etpost
379 4105 495 4172 festum
522 4105 673 4173 similiter
698 4106 802 4172 tribus
818 4105 954 4191 diebus,
982 4106 1090 4176 sinon
1116 4106 1182 4171 sint
1198 4104 1268 4174 dies

146 4212 332 4295 interdicti,
359 4213 392 4280 in
410 4215 593 4282 salifodina
608 4222 722 4285 nostra
738 4235 797 4303 pro
813 4235 850 4282 sc
867 4215 955 4284 sales
979 4213 1123 4284 incidere
1139 4215 1270 4300 ,absque

149 4322 279 4389 decima
296 4329 329 4388 et
347 4323 388 4389 ab
405 4325 515 4415 aliquo
532 4325 654 4394 tributo
679 4325 817 4392 liberam
833 4325 980 4392 habeant
996 4325 1205 4410 facultatem
1222 4323 1269 4390 ita

150 4439 185 4496 ut
202 4450 263 4497 nec
279 4430 464 4518 Waynoda,
481 4452 547 4506 nec
560 4433 677 4501 (lomes
695 4433 796 4518 ipsius
822 4433 864 4498 de
879 4432 997 4500 Zonuk
1013 4431 1144 4501 racione
1169 4432 1270 4501 dicto·

62 4566 66 4570 ·
138 4559 209 4606 rum
226 4541 311 4610 salin
320 4563 360 4625 m,
378 4541 483 4612 donec
495 4543 683 4611 vendicioni
700 4548 889 4628 exponatur,
907 4543 1029 4611 audeat
1051 4543 1102 4608 vel
1119 4561 1270 4628 presum-

151 4657 218 4716 mat
234 4653 414 4720 molcstare
438 4653 584 4740 hospites
602 4659 731 4721 nostros
750 4657 955 4722 memoratos.
982 4650 1134 4726 ceterum
1151 4649 1266 4727 statut
