3214 5238
99 1161 133 1228 A
144 1164 301 1251 pozaooyc'
315 1160 538 1248 lcdptuloacolo
556 1161 833 1250 bizorcycdplcoelc‚
859 1163 939 1250 kopp
963 1163 1096 1228 Ldrdoca
1124 1163 1231 1250 Lipdt-

98 1275 169 1337 acclc
183 1273 230 1352 pia
245 1275 276 1336 cs
294 1269 458 1356 Campard
473 1267 703 1356 Compurdaalc
710 1272 762 1356 fio
786 1273 955 1337 ‚Fs'rtdrtaclc
973 1271 1107 1359 Cbupod
1114 1270 1233 1356 fidaalc

100 1383 149 1445 20
165 1380 277 1466 ckdayi
292 1375 502 1462 aadatdfdldct
517 1378 849 1467 drdcmdtjaadslrdpca
868 1380 1118 1466 cdomdopoztalr
1134 1380 1233 1448 1300.

508 1580 548 1643 A.
657 1577 693 1642 Β.
803 1575 839 1644 0.

216 1737 383 1808 Vniuersis
399 1737 522 1807 Christi
540 1735 694 1806 fidelibus
706 1745 877 1823 presentes
895 1740 1022 1808 litteras
1039 1741 1234 1826 inspecturis

103 1850 297 1934 Capitulum
322 1847 471 1913 Ecclesia
490 1847 705 1914 Posoniensis
732 1847 903 1916 oraciones
929 1849 962 1914 in
987 1849 1129 1916 Domino
1155 1851 1236 1914 lesu

103 1958 252 2028 Christo.
281 1955 334 2022 Ad
349 1955 575 2023 uniuersorum
600 1955 758 2022 noticiam
784 1963 897 2024 tenore
923 1959 1128 2043 presencium
1145 1957 1236 2024 volu-

102 2087 178 2134 mus
196 2065 380 2152 peruenire,
398 2063 485 2146 quod
497 2063 672 2131 constititis
683 2065 903 2150 personaliter
913 2085 1024 2135 coram
1044 2065 1138 2134 nobis
1152 2067 1236 2132 Lau·

102 2174 219 2244 rencio
236 2171 302 2240 filio
318 2169 463 2257 tipoldi,
480 2177 513 2236 et
530 2168 694 2255 Cumpurd
711 2171 778 2238 lilio
795 2171 933 2240 Comitis
955 2173 1175 2258 Ohnmpurdi,
1193 2174 1236 2240 ab

103 2305 175 2352 una
192 2289 299 2368 parte,
317 2287 349 2347 et
365 2278 491 2346 Gemite
508 2279 641 2346 Andrea
666 2279 733 2346 filio
760 2280 897 2366 Ohugud
908 2331 917 2367 ,
936 2284 979 2349 ab
999 2283 1125 2366 altera,
1149 2280 1236 2346 idem

104 2390 311 2460 Laureneius
328 2395 360 2457 et
377 2386 544 2471 Gumpurd
570 2387 715 2456 confessi
740 2395 817 2456 sunt
835 2389 913 2456 uiua
930 2409 1032 2472 uoce,
1060 2389 1148 2474 quod
1173 2387 1238 2472 ipsi

107 2499 230 2586 uiginti
249 2497 363 2583 iugera
380 2503 539 2563 terrarum
555 2497 731 2563 arabilium
748 2495 789 2564 de
805 2504 894 2564 terra
911 2497 1054 2585 Lipoldi‚
1073 2519 1146 2564 curn
1164 2517 1236 2583 pra-

105 2611 164 2695 tis,
184 2606 410 2691 arundinibus,
428 2611 461 2672 ct
477 2604 572 2688 aquis
583 2605 763 2672 Zeuleutou
777 2606 913 2692 uocatis,
931 2605 1113 2691 dedissent,
1127 2613 1238 2677 contu·

104 2721 239 2801 lissent,
256 2720 289 2780 et
305 2713 531 2795 tradidissent,
549 2713 701 2798 predicto
712 2713 831 2782 (domiti
842 2714 984 2798 Andree,
1001 2715 1035 2780 in
1051 2716 1137 2783 filios
1155 2717 1236 2782 filio-

105 2849 181 2896 rum
208 2832 368 2911 perpetuo
385 2821 609 2910 possidenda,
635 2843 694 2910 pro
713 2823 865 2908 seruicijs
882 2829 914 2890 et
931 2823 1090 2893 effusione
1107 2825 1238 2910 sangui-

105 2937 161 3002 nis
180 2933 328 3001 eiusdem
345 2931 478 2999 Andree
496 2929 594 2998 factis
611 2952 670 3016 pro
687 2931 771 3017 ipsis
788 2931 984 3017 Lauronem,
1001 2940 1034 3000 et
1050 2932 1237 3019 cumpurd3

107 3045 297 3134 obligando
314 3065 360 3126 se,
378 3042 468 3126 quod
477 3040 659 3126 quicunque
669 3061 828 3129 processu
839 3048 1022 3127 temporum
1039 3043 1148 3127 ipsum
1166 3037 1237 3112 An-

106 3157 224 3224 dream
241 3161 297 3219 aut
314 3170 408 3217 suam
425 3147 675 3234 posteritatem,
701 3149 835 3218 racione
853 3147 1000 3234 predicte
1027 3157 1113 3218 terre
1138 3152 1238 3217 uellet

106 3266 269 3350 inpetere,
287 3260 342 3328 uel
358 3277 492 3343 nexare,
510 3277 551 3324 ex
567 3263 646 3326 tunc
662 3256 766 3344 ijdem
783 3257 1008 3344 Laurencius,
1025 3264 1058 3324 et
1075 3257 1239 3344 Oumpurd

107 3375 301 3441 tenerentur
318 3385 375 3434 eos
402 3365 560 3460 expedire
575 3367 720 3453 proprijs
737 3367 804 3435 suis
830 3364 998 3433 laboribus
1022 3373 1055 3433 et
1071 3367 1238 3455 expensis.

106 3483 200 3546 Mete
216 3483 329 3546 autern
345 3473 449 3562 ipsius
467 3479 565 3557 terre,
591 3474 676 3542 sicut
692 3475 788 3542 nobis
805 3471 974 3560 dixerunt,
1002 3473 1050 3540 sic
1067 3474 1241 3560 distingui·

108 3594 175 3671 tur,
192 3585 279 3671 quod
295 3584 459 3670 incipiens
476 3604 497 3650 a
513 3589 604 3650 terra
628 3582 706 3650 uille
722 3581 856 3668 Luche,
872 3590 1003 3667 aparte
1020 3581 1241 3665 meridionali,

107 3693 206 3766 uadit
221 3693 336 3780 Lipolt
351 3689 495 3757 Crektoa
511 3695 664 3759 uocatam
690 3709 712 3756 a
728 3689 792 3756 fine
808 3685 976 3772 interiori,
1005 3695 1038 3756 et
1053 3687 1131 3757 inde
1146 3688 1241 3756 uadit

109 3800 265 3890 superius
281 3798 325 3867 ad
342 3799 472 3866 domum
489 3795 573 3877 Kiz,
599 3803 632 3863 et
647 3794 693 3862 ibi
710 3801 760 3863 est
776 3793 874 3864 uallis
891 3799 925 3862 et
941 3795 990 3863 sic
1015 3795 1240 3865 terminantur.

107 3919 151 3984 In
169 3909 262 3980 cuius
277 3907 327 3976 rei
343 3906 535 3974 memoriam
552 3911 584 3973 et
608 3911 802 3992 perpetuam
817 3904 1005 3972 firmitatem
1029 3905 1074 3972 ad
1099 3903 1239 3990 peticio-

109 4041 190 4090 nem
206 4016 377 4101 utriusque
393 4013 499 4099 partis
524 4018 695 4100 presentes
711 4019 843 4080 nostras
868 4012 1094 4081 concessimus
1110 4013 1241 4080 litteras

108 4125 217 4212 sigilli
233 4125 337 4192 nostri
362 4120 546 4190 munimine
572 4121 755 4189 roboratas.
779 4121 902 4190 Datum
926 4120 959 4186 in
985 4120 1112 4190 octauis
1128 4121 1242 4206 Pasce,

109 4254 200 4305 anno
216 4231 351 4302 Domini
366 4233 409 4298 M.
431 4229 522 4298 000.

110 4446 249 4521 (Hirtya.
269 4447 297 4502 A
316 4443 382 4518 meg
401 4444 436 4518 dp
456 4441 556 4516 pacsdt
574 4439 659 4499 fehdr
678 4439 840 4498 violaszinii
858 4444 989 4500 sclnmen
1007 4442 1068 4519 frig.
1096 4445 1240 4518 Pozsony-

149 4536 305 4610 kdptalani
318 4536 455 4608 orsubgos
468 4532 602 4594 levdltdr.
612 4532 711 4604 Capsa
719 4531 797 4592 XIV.
807 4534 891 4594 Fasc.
905 4535 950 4592 11.
962 4535 1031 4594 Nnc.
1041 4538 1067 4594 5.
1082 4529 1204 4602 Kaous.)
