3188 5238
562 419 718 523 ur*

80 615 203 684 ncnciis
230 618 409 702 uniuersis,
435 639 475 685 ac
501 637 559 702 por
586 624 776 708 magistrum
792 619 1010 688 Lourentham
1031 621 1190 689 Comitem

80 725 369 812 Wesprimicnsem
397 725 549 794 dilectum
576 735 610 794 ct
626 728 756 796 fidelem
777 733 921 794 nostrum
947 728 1084 796 fecimus
1109 729 1190 800 assi·

79 835 187 916 gnari.
205 836 247 900 Vt
261 835 465 921 igiturhuius
476 842 587 904 nostre
604 838 793 906 donacionis
809 856 868 903 son
885 837 1075 904 collaciouis
1086 841 1188 906 serios

77 944 178 1010 robur
194 944 340 1010 obtineat
362 951 518 1027 perpetue
543 944 727 1028 firmitatis,
752 964 812 1012 nec
828 963 986 1030 processu
1011 951 1191 1029 temporum

78 1071 137 1135 per
149 1053 337 1137 quempiam
347 1071 570 1121 successorum
583 1059 763 1122 nostrorum
773 1055 885 1122 valeat
895 1053 1073 1138 retractari,
1089 1053 1140 1120 vel
1157 1054 1192 1120 in

77 1159 207 1226 irritum
239 1159 446 1242 aliquatenus
471 1161 639 1246 reuocari,
664 1169 833 1250 presentes
858 1161 964 1229 eidem
995 1163 1194 1236 Monastcrio

77 1267 176 1334 Beati
202 1269 333 1334 Martini
359 1269 578 1339 concessimus
594 1271 722 1338 litteras
747 1277 878 1339 nostras
905 1269 1068 1356 dupplicis
1093 1268 1193 1356 sigilli

75 1378 184 1444 nostri
208 1378 384 1444 munimine
408 1379 589 1446 roboratas.
623 1381 743 1448 Datum
770 1400 828 1466 per
854 1398 969 1446 manus
995 1377 1194 1448 venerabilis

76 1485 140 1552 viri
156 1486 305 1570 magistri
327 1485 491 1554 Theodori
516 1487 671 1555 Albensis
697 1487 843 1556 Ecclesia
863 1486 1028 1573 Propositi
1043 1486 1118 1554 aule
1141 1507 1198 1553 no·

75 1603 146 1662 stre
163 1593 583 1692 Vico-Cancellarijldilecti
598 1602 630 1662 et
642 1594 750 1664 fidelis
765 1596 878 1681 nostri,
894 1615 982 1665 anno
998 1592 1128 1662 Domini
1147 1597 1195 1661 Μ0

76 1702 151 1772 00⁰
166 1703 379 1787 nonagesimo
390 1703 531 1772 secundo
551 1705 721 1774 undecimo
741 1705 903 1772 kalendas
913 1705 1083 1773 Februarii
1092 1705 1196 1788 Regni

77 1821 191 1881 autem
206 1813 311 1881 nostri
328 1833 413 1879 auno
432 1813 582 1882 secundo.

249 2007 397 2076 (Eredetie
410 2027 428 2066 a
441 2027 480 2065 cz.
493 2006 620 2066 Martoni
632 2007 785 2082 ftapttsig
806 2004 1027 2078 lovellttiriban.)

612 2843 671 2912 39.

78 3044 141 3114 ΙΙΙ.
160 3045 270 3109 Endon
285 3042 390 3130 lcirtily
407 3066 427 3107 α
449 3041 632 3130 balconybeli
651 3044 850 3132 apotadqnole
873 3041 998 3132 Tlroyon
1013 3043 1198 3131 halycipcto

313 3153 452 3217 Baloion
462 3154 600 3237 portjdn
615 3151 854 3238 adomdnyozza.
874 3155 971 3220 1292.

189 3351 340 3418 Andreas
350 3347 413 3418 Dei
423 3349 538 3436 gracia
548 3349 726 3435 Hungaric,
738 3349 1073 3437 Dalmuoie,0roaoic,
1084 3353 1195 3434 Rama,

78 3459 207 3542 Seruio,
225 3460 384 3544 Gallicis,
402 3457 604 3543 indemens,
624 3459 792 3544 Cumanis,
808 3458 1025 3545 Bulgarieque
1041 3461 1111 3526 Rex
1127 3461 1197 3527 vni·

81 3573 191 3638 uersis
208 3567 329 3638 christi
344 3567 495 3637 fidelibus
522 3570 728 3654 presentibus
745 3571 868 3653 paritor
884 3574 916 3634 et
934 3568 1049 3636 futuris
1064 3588 1195 3653 presen-

81 3681 169 3746 cium
184 3675 338 3744 noticiam
355 3676 517 3743 habituris
534 3679 674 3744 salutem
689 3677 724 3742 in
740 3695 789 3757 eo,
808 3677 862 3757 qni
876 3675 1020 3758 Regibus
1037 3674 1094 3742 dat
1110 3677 1196 3744 saln-

80 3790 160 3850 tem.
177 3785 269 3850 Licet
285 3791 434 3853 creatura
457 3804 521 3851 non
545 3785 666 3851 habeat
692 3783 771 3870 quid
788 3784 927 3852 creatori
952 3803 991 3852 ac
1014 3786 1196 3871 reparatori

81 3893 222 3974 eiusque
255 3893 498 3977 gloriosissimis
532 3891 676 3974 sanetis,
714 3912 848 3976 quorum
873 3893 1039 3977 suffragiis
1070 3899 1200 3961 creator

82 4002 245 4070 creaturis
271 4001 409 4086 largitur
425 4001 587 4088 uniuersa,
605 4001 793 4086 impendere
809 4005 935 4088 valcat3
961 4021 1001 4068 ox
1026 3999 1199 4094 condigno,

83 4109 185 4175 debet
201 4114 310 4174 tamen
330 4115 400 4175 tota
416 4107 593 4178 deuociono
619 4109 719 4176 animi
745 4116 879 4194 totaque
903 4109 1046 4194 puritate
1062 4107 1199 4176 affectus

82 4217 247 4291 laborare,
263 4222 298 4282 vt
313 4223 497 4284 eternorum
525 4217 643 4285 intuitu
669 4217 703 4283 in
719 4217 816 4284 terris
832 4215 980 4301 seminet,
997 4216 1082 4299 quod
1096 4217 1131 4284 in
1146 4215 1201 4283 dic

82 4324 259 4392 messionis
284 4332 429 4392 extreme
444 4325 640 4408 recolligens
661 4346 733 4393 cum
749 4324 966 4410 multiplicato
983 4323 1088 4390 fructu
1105 4322 1138 4388 in
1151 4342 1201 4392 co·

84 4430 165 4500 lesti
180 4452 273 4500 orreo
299 4433 470 4517 possidere
485 4433 598 4501 valeat
615 4441 647 4502 et
662 4434 793 4502 habere.
820 4432 960 4501 Proinde
975 4431 1019 4499 ad
1038 4432 1199 4500 uniuerso·

83 4563 157 4609 rum
174 4541 327 4609 noticiam
343 4543 457 4609 harum
474 4543 558 4609 sorio
574 4543 724 4611 volumus
750 4542 928 4628 peruenire,
949 4541 1035 4626 quod
1053 4524 1201 4608 cnm‘llc·

85 4648 222 4718 elesiam
232 4667 290 4717 sou
300 4647 536 4717 Monasterium
552 4649 648 4719 Boati
663 4650 814 4718 Mauricii
830 4651 872 4718 de
889 4651 979 4731 Becl,
997 4649 1089 4716 cuius
1106 4650 1201 4714 intor-

85 4757 292 4829 cessionibus
308 4759 402 4828 nobis
422 4767 540 4829 cuncta
555 4779 710 4846 prospere
729 4759 904 4847 suffragari
921 4759 1098 4841 sentimus,
1123 4756 1201 4824 veli·
