3188 5238
864 285 1022 386 -1—06-

387 475 546 559 Ladislai,
563 484 597 544 et
612 499 670 564 per
687 486 815 564 pratum
831 483 865 548 in
891 481 1007 548 eadem
1026 481 1198 551 latitudine
1217 486 1310 552 venit
1338 486 1382 552 ad
1399 487 1501 553 locum

385 589 483 654 turris
500 595 733 670 memoratum,
759 594 792 654 et
811 586 873 655 hoc
889 587 1013 654 ambitu
1031 610 1089 656 sen
1105 591 1228 658 circulo
1253 592 1383 677 prefata
1402 597 1503 679 parti-

385 694 460 761 cula
476 700 561 760 terre
573 696 775 763 terminatur.
800 699 837 762 In
854 697 946 763 cuius
963 699 1010 764 rei
1037 699 1224 765 memoriam
1257 698 1506 785 firmitatemque

383 808 575 887 perpetuam
600 809 772 888 presentes
800 803 1023 871 concessimus
1040 807 1185 886 litteras,
1202 809 1389 874 munimine
1405 811 1505 876 nostri

381 911 483 997 sigilli
509 913 695 992 insignitas.
723 911 843 978 Datum
871 933 957 982 anno
973 916 1105 982 Domini
1131 917 1180 982 M⁰
1196 915 1267 984 00⁰
1288 919 1501 1000 nonagesimo

377 1025 507 1100 sumto.

381 1211 528 1283 (Eredetie
542 1213 684 1284 hlrtyln,
699 1215 817 1284 melyrdl
832 1213 936 1270 Lolsald
950 1222 1056 1271 mester
1069 1217 1185 1286 pecsete
1199 1219 1354 1274 z'dldv'drds
1369 1221 1501 1291 zsinegen

381 1304 460 1376 fflgg.
473 1303 633 1361 Talaltatilr
648 1325 665 1362 a
680 1305 875 1377 siros-patalri
885 1304 1009 1362 fo'islrolu
1022 1305 1246 1378 kdnyvtdralnalr
1260 1308 1406 1364 lreziratai
1419 1311 1502 1381 ludat.)

811 1605 1085 1619 *ur—m

380 2361 511 2425 Martem
538 2360 616 2447 prof
637 2362 851 2450 clorazdplre'rd
874 2385 895 2425 c
919 2363 1087 2448 sareptensi
1109 2360 1328 2447 kdplclcoaalc
1358 2361 1496 2447 diacopos

626 2471 835 2558 ccpybereopa'
850 2471 982 2535 director
998 2470 1059 2534 oda
1075 2468 1138 2533 ital.
1156 2470 1253 2534 1294.

487 2671 555 2734 Nos
582 2669 699 2734 Comes
726 2669 884 2734 Martinus
901 2665 1103 2732 Viae-,ludex
1129 2668 1226 2734 curie
1251 2666 1374 2733 domini
1400 2669 1493 2750 Regis

376 2777 532 2844 memorie
549 2777 814 2844 commendantes
832 2775 1073 2858 significamus,
1099 2775 1217 2855 quibus
1234 2775 1369 2861 expedit
1387 2785 1492 2842 tenore

376 2885 583 2972 presencium
600 2883 772 2966 universis,
798 2883 973 2966 quodcum
990 2882 1152 2962 Mathias,
1172 2883 1291 2967 Mathe,
1309 2890 1342 2949 et
1360 2885 1493 2966 Naburg

377 2992 435 3077 lilij
455 2993 607 3080 Foymos,
626 2989 771 3057 curtiferi
787 2989 1014 3076 bucheriorum
1029 3038 1037 3070 ,
1057 2991 1215 3070 Lukach,
1243 2997 1275 3057 et
1290 2991 1423 3058 Blasius
1439 2991 1491 3076 filij

376 3100 478 3168 Pethe
495 3100 659 3184 pincerne,
687 3117 727 3163 ac
744 3097 888 3165 vniuersi
913 3098 1024 3182 populi
1052 3096 1179 3160 domine
1205 3098 1331 3182 Regina
1357 3099 1400 3164 de
1424 3101 1493 3182 Mag

379 3209 508 3286 Beren,
534 3205 574 3273 de
592 3204 754 3272 Comitatu
778 3204 1008 3289 Simighiensi,
1029 3206 1223 3287 exquibus,
1251 3216 1282 3271 et
1300 3227 1357 3291 pro
1379 3208 1492 3290 quibus

376 3318 478 3403 ijdem
494 3316 614 3399 Mathe,
626 3315 774 3395 Lulrach,
787 3323 820 3381 et
837 3315 970 3381 Blasius
987 3335 1059 3380 cum
1081 3314 1256 3380 sufficienti
1273 3317 1491 3398 procuratorio

377 3431 639 3511 comparuerunt,
657 3424 832 3490 discretum
854 3425 957 3488 virum
973 3422 1168 3507 Magistrum
1178 3423 1405 3488 Andronicum
1423 3425 1490 3489 Pre-

377 3534 520 3620 positum
547 3532 695 3599 Ecclesia
712 3531 984 3619 vesprimiensis,
1005 3533 1081 3598 aule
1105 3529 1236 3598 domine
1262 3533 1389 3616 Regina
1406 3533 1490 3597 Vice-

377 3642 629 3724 Oancellarium,
647 3645 679 3706 et
695 3641 882 3724 Capitulum
900 3639 1050 3724 ejusdem
1067 3639 1234 3723 Ecclesia,
1252 3641 1292 3704 de
1309 3641 1448 3724 quibus,
1465 3647 1492 3702 et

376 3771 434 3839 pro
452 3748 571 3833 quibus
587 3748 674 3815 idem
692 3747 896 3814 Andronicus
906 3747 1098 3833 Prepositus
1109 3745 1224 3832 astitit,
1246 3736 1356 3816 coram
1367 3747 1490 3817 dommo

375 3858 509 3928 Andrea
525 3857 648 3924 Illustri
664 3858 755 3940 Rege
771 3856 940 3938 Hungarie
949 3906 958 3940 ,
985 3855 1115 3922 domino
1134 3863 1244 3924 nostro
1264 3858 1447 3925 traxissent
1462 3860 1489 3922 in

377 3987 522 4055 oausam,
539 3974 572 4033 et
587 3964 674 4032 idem
691 3965 842 4032 dominus
856 3972 965 4033 noster
989 3965 1059 4030 Rex
1077 3966 1182 4048 ipsam
1199 3953 1333 4031 causam
1350 3968 1488 4051 parcium

377 4074 471 4142 nobis
488 4072 708 4141 commisisset
726 4073 962 4161 judicandam;
989 4073 1129 4159 predicti
1145 4073 1257 4140 Mathe
1268 4122 1277 4156 ,
1306 4073 1444 4140 Lukach
1460 4083 1488 4139 et

378 4184 509 4251 Blasius
526 4203 587 4267 pro
604 4201 662 4268 se,
689 4190 722 4247 et
737 4203 795 4268 pro
821 4181 972 4249 omnibus
995 4179 1075 4264 alijs
1090 4180 1283 4268 prescriptis
1309 4191 1446 4264 egerunt
1461 4181 1488 4245 in

376 4293 480 4378 ligura
502 4291 619 4377 judicij
646 4297 886 4377 proponentes,
912 4290 1000 4373 quod
1015 4289 1222 4358 Andronicus
1248 4289 1438 4372 Propositus
1461 4295 1488 4352 et

378 4398 563 4484 Capitulum
574 4399 831 4484 Wesprimiense
842 4400 984 4484 predicti
1000 4397 1244 4484 possessionem
1263 4398 1407 4481 ipsorum
1433 4418 1487 4463 em-

376 4507 513 4598 pticiam
528 4507 564 4573 in
579 4509 678 4576 terris
702 4508 891 4595 arabilibus,
908 4507 1022 4594 sylvis,
1039 4505 1156 4590 vincis,
1174 4503 1333 4571 et.fenet0
1342 4555 1351 4590 ,
1369 4523 1487 4590 quama

376 4613 536 4696 Michaele
552 4615 619 4684 filio
635 4614 740 4681 Balad
755 4615 790 4681 in
805 4617 909 4682 Beren
926 4615 1035 4701 precio
1052 4618 1332 4698 comparaverant,
1349 4613 1485 4681 indebite
