3188 5238
119 1195 147 1260 A
158 1198 313 1284 posaonyn'
337 1197 492 1282 ledptulou
517 1193 795 1281 bizonpcdplcucle‚
820 1194 898 1280 kopp
913 1191 1045 1279 Aponi,
1071 1193 1240 1258 Orosaodrc‘

121 1305 240 1372 Girumu
251 1309 327 1391 ncjc,
344 1302 456 1368 Aonas
471 1301 743 1388 noodozolpo'ddjdt
761 1302 1124 1387 szabodddbooadjtottu.
1141 1301 1239 1368 1293.

521 1502 559 1567 A.
667 1503 701 1562 Β.
811 1499 845 1566 G.

228 1647 397 1716 Vniuersis
415 1645 535 1714 Christi
560 1643 711 1712 fidelibus
729 1652 900 1733 presentes
925 1645 1054 1714 litteras
1076 1647 1239 1732 inspectu-

121 1759 166 1826 ris
181 1755 369 1842 Capitulum
395 1756 542 1823 Ecclesie
559 1755 771 1822 Posoniensis
800 1757 939 1822 salutem
965 1757 999 1821 in
1018 1757 1166 1826 Domino.
1191 1757 1241 1824 Ad

122 1868 346 1934 uniuersorum
362 1865 516 1933 noticiam
541 1869 654 1931 tenore
669 1864 875 1948 presencium
891 1866 1040 1930 volumus
1057 1868 1238 1950 peruenire,

122 1975 206 2057 quod
224 1974 498 2058 dominaAglent,
515 1993 596 2040 uxor
609 1973 734 2040 Ohama
750 1973 792 2039 de
803 1974 962 2056 Vruzvtr,
979 1973 1153 2038 constituta
1169 1992 1239 2060 per-

122 2085 278 2151 sonaliter
295 2103 406 2149 eoram
422 2083 529 2168 nobis,
547 2082 713 2164 quandam
728 2082 885 2148 ancillam
909 2102 1001 2149 suam
1018 2083 1129 2149 Annus
1146 2102 1242 2148 uoca-

123 2199 199 2274 tam,
216 2192 317 2258 filiam
336 2192 542 2277 Margaretbe
553 2191 700 2257 similiter
718 2191 836 2256 ancille
854 2209 922 2275 sue,
933 2199 1080 2274 tempore
1091 2190 1243 2258 tradicio-

124 2302 173 2366 nis
190 2320 249 2366 suc
266 2319 375 2368 secum
392 2298 544 2380 adducto,
563 2307 718 2382 presente
735 2299 851 2366 eodem
862 2298 987 2367 Obama
1003 2301 1117 2365 marito
1134 2319 1192 2367 suo
1210 2309 1242 2367 et

125 2411 233 2478 Endre
250 2411 316 2478 filio
332 2407 480 2502 Benoldi,
498 2409 552 2491 qui
568 2429 625 2494 pro
642 2429 678 2476 se
694 2414 726 2477 et
743 2431 800 2493 pro
816 2409 955 2478 Nicolao
965 2407 1067 2474 fratre
1083 2428 1141 2476 suo
1160 2431 1243 2475 com-

54 2515 55 2522 '
124 2519 242 2604 paruit,
260 2527 291 2582 et
313 2517 416 2583 eciam
432 2516 637 2599 presentibus
654 2518 747 2581 Kene
767 2516 836 2582 filia
855 2537 923 2597 sua,
942 2535 982 2582 ac
991 2513 1118 2606 Tboma
1134 2516 1175 2585 dc
1191 2538 1244 2586 ea-

126 2629 197 2695 dem
214 2629 370 2708 Vruzvar‚
388 2627 503 2692 marito
521 2626 623 2710 ipsius
641 2624 707 2692 filie
733 2645 791 2691 sue
818 2625 1100 2693 consensientibus
1127 2634 1159 2692 et
1175 2646 1244 2711 per-

127 2737 330 2804 mittentibus
354 2740 538 2818 spontanea
562 2737 731 2801 voluntate
748 2755 807 2822 pro
825 2754 883 2800 sue
893 2788 901 2820 ,
919 2740 1153 2819 parentumque
1171 2754 1244 2801 suo-

126 2863 192 2908 rum
212 2843 395 2910 animarrim
412 2841 556 2908 remedio
572 2843 605 2908 in
622 2843 726 2910 nostri
742 2846 914 2928 presencia
931 2844 1118 2910 manumisit
1134 2848 1166 2909 et
1182 2851 1245 2910 tra-

128 2951 208 3020 didit
224 2957 380 3039 perpetue
396 2950 544 3018 libertati
560 2951 595 3016 in
611 2949 694 3018 filios
711 2949 858 3018 filiorum.
876 2951 968 3016 Dans
986 2952 1091 3018 eidem
1108 2957 1139 3017 et
1155 2952 1244 3018 omni

128 3043 316 3146 posteritati
332 3080 390 3125 sue
407 3059 588 3142 ubicunque
615 3065 647 3125 et
664 3060 753 3142 apud
770 3079 978 3142 quoscunque
1001 3061 1142 3126 uoluerit
1157 3079 1242 3125 com-

130 3169 281 3238 morandi
297 3168 433 3234 liberam
450 3168 648 3249 facultatem,
665 3169 843 3252 obligando
869 3189 923 3251 se,
950 3169 1039 3252 quod
1064 3169 1245 3253 quicunque

132 3297 290 3361 processu
315 3283 494 3360 temporum
532 3277 671 3343 eandem
698 3279 811 3358 Annus
838 3278 1012 3346 occasione
1046 3275 1245 3345 condicionis

131 3386 268 3471 pristine
279 3385 462 3451 intenderet
475 3385 614 3452 forsitan
625 3385 811 3470 molestare,
823 3385 971 3470 predicta
982 3385 1113 3453 domina
1124 3386 1246 3468 Aglent

132 3494 297 3562 tenebitur
314 3514 385 3562 cam
402 3493 576 3562 defendere
593 3501 624 3563 et
640 3494 723 3562 tueri
739 3492 880 3580 propriis
891 3495 1058 3564 laboribus
1076 3500 1109 3562 et
1125 3515 1244 3580 expen-

133 3604 187 3670 sis.
211 3605 335 3668 Datum
352 3603 385 3666 in
404 3601 487 3667 festo
505 3602 616 3670 Sancti
627 3601 750 3669 Vrbani
768 3605 869 3689 Papo,
883 3624 969 3670 anno
980 3601 1111 3670 Domini
1128 3603 1168 3669 M.
1182 3602 1244 3670 OG.

131 3713 343 3797 nonagesimo
367 3711 476 3778 tercio.

133 3923 265 3996 (Hartya.
280 3923 459 4001 Ugyanesalr
472 3922 577 3996 hdrtya
592 3927 735 3994 szalagrdl
748 3923 866 4000 lefiiggb
880 3923 915 3998 dp
929 3923 1078 3998 pcesdttel.
1105 3925 1250 3996 Pozsony-

165 4013 321 4088 ks'ptslani
335 4015 471 4090 orszdgos
484 4015 606 4074 levdltdr
619 4015 715 4090 Capua
728 4016 805 4072 XIV.
818 4019 902 4074 Fuso.
915 4017 958 4074 23.
971 4018 1038 4074 Nro.
1052 4015 1077 4071 3.
1097 4017 1209 4084 Kanna.)

553 4315 825 4329 u——-—r——-—-=
