3188 5238
909 963 967 1029 80.

378 1165 480 1232 Jdnos
503 1161 633 1248 adqrdbi
652 1161 775 1248 ptlsplllr
800 1163 830 1226 ds
856 1183 893 1223 aa
918 1160 1019 1224 ottoni
1043 1159 1199 1244 lodptalaa
1225 1159 1501 1251 lizocysuylnmla,

379 1272 459 1360 boqy
469 1270 594 1356 qurctt
611 1273 705 1334 odrae
721 1271 752 1332 ds
766 1268 982 1332 oraedroeodrr'
1000 1271 1143 1353 odrnoqy
1159 1267 1440 1355 eqyoactleosc'pcik
1460 1281 1501 1334 te-

690 1375 860 1442 asorathan
884 1374 1185 1442 libertatulam.

487 1577 554 1641 Nos
571 1573 741 1643 lohannes
766 1574 981 1642 miseracione
1005 1572 1126 1640 Divina
1142 1573 1325 1658 Episcopus
1346 1575 1503 1659 Zagrabi-

382 1682 470 1752 ensis
487 1691 519 1750 et
536 1682 720 1768 Oapitulum
738 1683 801 1750 loci
824 1682 970 1750 ciusdem
988 1679 1215 1766 significamus
1232 1683 1352 1766 quibus
1370 1685 1503 1770 expedit

382 1791 541 1858 uniuersis
558 1791 711 1858 memorie
728 1788 993 1858 commendantes
1010 1814 1018 1854 :
1046 1790 1132 1870 quod
1158 1789 1277 1856 (lomes
1303 1791 1424 1858 Nicola
1439 1793 1502 1859 (la-

382 1899 540 1968 stellanus
556 1897 675 1964 domini
702 1897 801 1980 Regis
817 1895 858 1962 de
875 1896 1011 1978 Medma,
1030 1903 1062 1961 et
1078 1897 1216 1966 Janinus
1235 1898 1337 1965 frater
1357 1899 1501 1967 eiusdem

382 2009 425 2076 ab
442 2027 508 2075 nna
522 2015 636 2094 partc;
653 2011 683 2072 et
695 2005 844 2072 Andreas
855 2005 959 2072 Maior
976 2005 1053 2070 uille
1075 2025 1114 2074 ac
1132 2004 1366 2075 Uniuersitatis
1384 2009 1502 2074 oinium

384 2117 596 2185 (trecensium
614 2115 795 2196 exaltem,
822 2115 856 2180 irt
884 2113 984 2180 nostri
1005 2115 1178 2200 presencia
1197 2115 1413 2200 personaliter
1429 2136 1503 2182 con-

384 2225 505 2301 stituti,
530 2223 680 2292 omnibus
706 2221 836 2302 litibus,
858 2221 1114 2288 aduersitatibus
1140 2227 1174 2287 et
1192 2222 1379 2308 iuimioioijs
1405 2244 1504 2310 super

384 2333 522 2400 diuersis
539 2330 668 2399 damnis
686 2337 718 2398 et
734 2348 945 2414 personarum
965 2329 1247 2414 captiuecionibus
1264 2351 1322 2398 seu
1340 2332 1503 2400 detenoio·

384 2443 480 2510 nibns
496 2441 573 2508 bino
589 2441 663 2508 inde
681 2440 845 2524 irrogatis,
872 2437 1031 2505 intereos
1053 2441 1187 2506 racione
1211 2441 1388 2508 occisionis
1416 2443 1503 2508 Petri

383 2549 559 2617 liliiWenk
576 2547 728 2630 subortis,
745 2545 821 2631 paci
835 2544 1052 2632 consulentes,
1064 2548 1157 2613 iuxta
1171 2550 1362 2617 mandatum
1379 2549 1503 2616 domini
1592 2627 1593 2638 ἵ

385 2657 486 2742 Regis
501 2657 632 2742 penitus
648 2653 883 2736 renunciarent
900 2677 908 2719 :
925 2654 994 2738 ita,
1021 2654 1107 2737 quod
1125 2656 1294 2740 predictus
1311 2658 1430 2728 (lomes
1445 2660 1502 2725 Ni·
1592 2643 1593 2714 l

386 2766 460 2833 cola
476 2773 509 2832 et
534 2764 673 2834 Juninus
698 2761 802 2828 frater
829 2762 921 2847 ejus,
948 2782 988 2828 ac
1003 2762 1140 2844 quilibet
1162 2766 1195 2831 in
1222 2785 1333 2833 eorum
1359 2767 1502 2834 dominio

386 2875 564 2956 constituti,
581 2878 638 2939 aut
654 2872 698 2938 ad
714 2871 803 2956 ipsos
817 2871 1032 2958 pertinentes,
1049 2879 1200 2955 pretextu
1211 2874 1501 2958 damnificacionis,

386 2981 601 3054 aduersitatis
616 2981 669 3049 uel
687 2979 893 3047 detensionis
910 2999 1126 3065 personarum
1137 2983 1255 3049 amodo
1272 2985 1365 3051 nulla
1381 2985 1503 3051 damna

387 3113 444 3161 seo
461 3097 656 3158 nocumenta
684 3089 737 3155 nel
753 3089 891 3156 iniurias
917 3090 1066 3174 aliquas,
1094 3092 1263 3176 presertim
1288 3093 1393 3159 donec
1417 3093 1502 3162 idem

387 3205 504 3274 Oomes
521 3201 637 3266 Nicola
653 3207 685 3264 et
701 3198 805 3265 irater
822 3199 891 3265 eius
920 3200 1103 3266 custodiam
1120 3204 1388 3271 conservacionis
1405 3205 1502 3271 castri

387 3310 514 3380 Medwe
531 3311 714 3390 habebunt,
741 3307 956 3375 mancionatis
974 3309 1101 3375 ciuibus
1119 3310 1212 3377 etad
1229 3330 1285 3378 eos
1306 3312 1503 3395 quibuslibet

387 3417 624 3507 pertinentibus
634 3418 774 3484 inferent
784 3425 839 3482 aut
851 3416 962 3484 inferri
973 3416 1098 3485 faciant
1109 3419 1286 3485 manifeste
1302 3421 1353 3486 uel
1368 3424 1501 3488 occulte.

387 3531 429 3596 Et
444 3547 542 3613 super
560 3527 619 3592 hoo
636 3525 780 3592 cauendo
806 3532 839 3591 et
855 3525 1065 3594 obseruando
1082 3527 1316 3597 inviolabiliter
1341 3527 1421 3597 dieti
1440 3529 1500 3596 Oo-

388 3655 458 3704 mes
473 3635 590 3702 Nicola
606 3644 637 3701 et
652 3635 753 3700 frater
769 3632 840 3702 eius
857 3636 955 3700 tactis
972 3636 1200 3704 Sacrosanctis
1225 3636 1372 3722 reliquiis
1388 3639 1502 3726 presti-

388 3753 496 3813 terunt
521 3746 747 3810 iuramentum.
770 3745 846 3810 Ete
873 3763 1031 3812 conuerso
1056 3744 1225 3829 predictus
1244 3745 1351 3812 Maior
1375 3747 1454 3814 uille
1472 3757 1502 3812 et

387 3853 595 3922 Uniuersitas
612 3850 733 3918 ciuium
750 3849 967 3933 promiserunt
983 3859 1016 3916 et
1033 3863 1291 3940 assumpserunt,
1309 3857 1397 3939 quod
1413 3857 1502 3922 nulla

389 3963 534 4049 dampna
549 3965 582 4026 et
607 3960 746 4027 iniurias
764 3959 890 4026 eisdem
915 3958 1032 4028 Comiti
1047 3960 1167 4029 Nicola
1191 3971 1224 4028 et
1240 3961 1335 4032 fratri
1362 3967 1431 4033 eius
1448 3968 1501 4034 Ja-

389 4073 465 4137 nino
482 4075 540 4135 ant
556 4066 764 4154 quibuspiam
781 4069 826 4135 ad
841 4085 896 4134 eos
915 4069 1142 4155 spectantibus
1167 4071 1310 4138 inferent
1324 4075 1377 4140 uel
1393 4075 1502 4140 inferri

389 4179 512 4248 facient
526 4197 586 4266 per
601 4197 638 4244 se
653 4183 710 4243 ant
726 4177 888 4260 quoslibet
904 4177 948 4244 ad
964 4198 1020 4245 eos
1037 4180 1188 4247 similiter
1205 4183 1419 4266 pertinentes.
1445 4183 1501 4248 Su·
1586 4161 1587 4172 ³

390 4307 448 4372 por
464 4287 582 4371 quibus
598 4285 746 4352 similiter
772 4284 986 4353 observandis
1003 4295 1037 4353 et
1052 4291 1264 4357 attendendis
1280 4290 1382 4378 ijdem
1401 4293 1502 4360 Maior
1585 4329 1586 4376 3

391 4394 468 4461 nille
495 4401 527 4460 et
552 4395 642 4461 ciues
668 4393 879 4476 prestiterunt
906 4396 1119 4463 iuramentum
1154 4399 1252 4467 tactis
1281 4401 1501 4468 Sacrosanotis
1585 4379 1586 4430 l

391 4502 601 4587 Euangeliis‚
626 4507 765 4587 excepto
783 4521 840 4568 seu
856 4504 996 4573 deducto
1015 4505 1102 4574 facto
1119 4507 1294 4575 occisionis
1311 4508 1366 4596 filij
1385 4509 1501 4590 Wenlr,
1583 4475 1586 4600 f

390 4612 475 4694 quod
492 4609 679 4676 executioni
695 4610 839 4677 eiusdem
856 4613 961 4679 Wenk
979 4622 1028 4681 est
1045 4616 1202 4681 relictum.
1226 4618 1382 4686 Preterea
1401 4620 1428 4684 si
1445 4621 1502 4684 all·
1583 4605 1585 4750 1

1558 4785 1584 5236 ff
