<?xml version="1.0" encoding="UTF-8"?>
<!DOCTYPE html PUBLIC "-//W3C//DTD XHTML 1.0 Transitional//EN"
    "http://www.w3.org/TR/xhtml1/DTD/xhtml1-transitional.dtd">
<html xmlns="http://www.w3.org/1999/xhtml" xml:lang="en" lang="en">
 <head>
  <title>
</title>
<meta http-equiv="Content-Type" content="text/html;charset=utf-8" />
  <meta name='ocr-system' content='tesseract 3.04.00' />
  <meta name='ocr-capabilities' content='ocr_page ocr_carea ocr_par ocr_line ocrx_word'/>
</head>
<body>
  <div class='ocr_page' id='page_1' title='image "./codexdiplomatic02wenzgoog_0201.png"; bbox 0 0 3166 5238; ppageno 0'>
   <div class='ocr_carea' id='block_1_1' title="bbox 611 896 775 990">
    <p class='ocr_par' dir='ltr' id='par_1_1' title="bbox 611 896 775 990">
     <span class='ocr_line' id='line_1_1' title="bbox 611 896 775 990; baseline 0 -2"><span class='ocrx_word' id='word_1_1' title='bbox 611 923 684 990; x_wconf 89' lang='lat' dir='ltr'><strong>uo.</strong></span> <span class='ocrx_word' id='word_1_2' title='bbox 771 896 775 905; x_wconf 85' lang='lat'><em>&#39;</em></span> 
     </span>
    </p>
   </div>
   <div class='ocr_carea' id='block_1_2' title="bbox 94 1080 1205 1281">
    <p class='ocr_par' dir='ltr' id='par_1_2' title="bbox 94 1080 1205 1281">
     <span class='ocr_line' id='line_1_2' title="bbox 94 1080 1205 1173; baseline -0.005 -21"><span class='ocrx_word' id='word_1_3' title='bbox 94 1087 154 1152; x_wconf 86' lang='grc' dir='ltr'><strong><em>ΙΙΙ.</em></strong></span> <span class='ocrx_word' id='word_1_4' title='bbox 170 1087 280 1152; x_wconf 81' lang='lat' dir='ltr'><strong>Ecdrc</strong></span> <span class='ocrx_word' id='word_1_5' title='bbox 295 1087 402 1173; x_wconf 72' lang='lat' dir='ltr'><strong>kiratp</strong></span> <span class='ocrx_word' id='word_1_6' title='bbox 419 1086 552 1151; x_wconf 84' lang='lat' dir='ltr'><strong>Hucoua</strong></span> <span class='ocrx_word' id='word_1_7' title='bbox 567 1083 877 1171; x_wconf 75' lang='lat' dir='ltr'><strong>bamurcprdfjduclt</strong></span> <span class='ocrx_word' id='word_1_8' title='bbox 894 1105 949 1170; x_wconf 80' lang='lat' dir='ltr'><strong>epp</strong></span> <span class='ocrx_word' id='word_1_9' title='bbox 965 1084 1070 1148; x_wconf 85' lang='lat' dir='ltr'><strong>Kassa</strong></span> <span class='ocrx_word' id='word_1_10' title='bbox 1086 1085 1115 1149; x_wconf 87' lang='lat' dir='ltr'><strong>e&#39;a</strong></span> <span class='ocrx_word' id='word_1_11' title='bbox 1132 1080 1205 1149; x_wconf 76' lang='lat' dir='ltr'><strong>Gol-</strong></span> 
     </span>
     <span class='ocr_line' id='line_1_3' title="bbox 243 1191 1054 1281; baseline -0.004 -22"><span class='ocrx_word' id='word_1_12' title='bbox 243 1197 417 1281; x_wconf 76' lang='lat' dir='ltr'><strong>ciczbcaya</strong></span> <span class='ocrx_word' id='word_1_13' title='bbox 432 1195 501 1258; x_wconf 79' lang='lat' dir='ltr'><strong>lcb&#39;zt</strong></span> <span class='ocrx_word' id='word_1_14' title='bbox 510 1191 612 1281; x_wconf 82' lang='lat' dir='ltr'><strong>felcob&#39;</strong></span> <span class='ocrx_word' id='word_1_15' title='bbox 627 1194 714 1258; x_wconf 77' lang='lat' dir='ltr'><strong>cccliii</strong></span> <span class='ocrx_word' id='word_1_16' title='bbox 730 1193 931 1278; x_wconf 80' lang='lat' dir='ltr'><strong>adoardcpoz.</strong></span> <span class='ocrx_word' id='word_1_17' title='bbox 957 1193 1054 1256; x_wconf 81' lang='lat'><em>1297.</em></span> 
     </span>
    </p>
   </div>
   <div class='ocr_carea' id='block_1_3' title="bbox 94 1354 1218 4480">
    <p class='ocr_par' dir='ltr' id='par_1_3' title="bbox 94 1354 1218 4480">
     <span class='ocr_line' id='line_1_4' title="bbox 162 1354 1207 1441; baseline -0.004 -18"><span class='ocrx_word' id='word_1_18' title='bbox 162 1358 233 1425; x_wconf 89' lang='lat' dir='ltr'><strong>Nos</strong></span> <span class='ocrx_word' id='word_1_19' title='bbox 244 1357 393 1424; x_wconf 84' lang='lat' dir='ltr'><strong>Andreas</strong></span> <span class='ocrx_word' id='word_1_20' title='bbox 405 1358 468 1423; x_wconf 89' lang='lat' dir='ltr'><strong>Dei</strong></span> <span class='ocrx_word' id='word_1_21' title='bbox 479 1356 593 1440; x_wconf 82' lang='lat' dir='ltr'><strong>gracia</strong></span> <span class='ocrx_word' id='word_1_22' title='bbox 604 1354 781 1441; x_wconf 84' lang='lat' dir='ltr'><strong>Hungarie‚</strong></span> <span class='ocrx_word' id='word_1_23' title='bbox 792 1355 974 1439; x_wconf 88' lang='lat' dir='ltr'><strong>Dalmaoie,</strong></span> <span class='ocrx_word' id='word_1_24' title='bbox 986 1354 1134 1440; x_wconf 74' lang='lat' dir='ltr'><strong>limacis,</strong></span> <span class='ocrx_word' id='word_1_25' title='bbox 1146 1355 1207 1420; x_wconf 88' lang='lat' dir='ltr'><strong>Ra·</strong></span> 
     </span>
     <span class='ocr_line' id='line_1_5' title="bbox 95 1463 1207 1550; baseline -0.003 -20"><span class='ocrx_word' id='word_1_26' title='bbox 95 1487 154 1549; x_wconf 87' lang='lat' dir='ltr'><strong>me,</strong></span> <span class='ocrx_word' id='word_1_27' title='bbox 171 1464 459 1550; x_wconf 79' lang='lat' dir='ltr'><strong>Servie,(iallicie,</strong></span> <span class='ocrx_word' id='word_1_28' title='bbox 478 1463 681 1548; x_wconf 87' lang='lat' dir='ltr'><strong>Lodomerie,</strong></span> <span class='ocrx_word' id='word_1_29' title='bbox 701 1463 868 1546; x_wconf 79' lang='lat' dir='ltr'><strong>(iumanic,</strong></span> <span class='ocrx_word' id='word_1_30' title='bbox 886 1464 1106 1548; x_wconf 83' lang='lat' dir='ltr'><strong>Bulgariequc</strong></span> <span class='ocrx_word' id='word_1_31' title='bbox 1126 1463 1207 1544; x_wconf 86' lang='lat' dir='ltr'><strong>Rex,</strong></span> 
     </span>
     <span class='ocr_line' id='line_1_6' title="bbox 95 1569 1208 1657; baseline -0.004 -18"><span class='ocrx_word' id='word_1_32' title='bbox 95 1575 244 1640; x_wconf 86' lang='lat' dir='ltr'><strong>omnibus</strong></span> <span class='ocrx_word' id='word_1_33' title='bbox 255 1572 375 1640; x_wconf 77' lang='lat' dir='ltr'>Christi</span> <span class='ocrx_word' id='word_1_34' title='bbox 391 1571 540 1639; x_wconf 89' lang='lat' dir='ltr'><strong>fidelibus</strong></span> <span class='ocrx_word' id='word_1_35' title='bbox 552 1579 733 1657; x_wconf 82' lang='lat' dir='ltr'><strong>presentem</strong></span> <span class='ocrx_word' id='word_1_36' title='bbox 745 1573 902 1656; x_wconf 79' lang='lat' dir='ltr'><strong>paginam</strong></span> <span class='ocrx_word' id='word_1_37' title='bbox 917 1569 1112 1656; x_wconf 86' lang='lat' dir='ltr'><strong>inspecturis</strong></span> <span class='ocrx_word' id='word_1_38' title='bbox 1123 1570 1208 1638; x_wconf 86' lang='lat' dir='ltr'><strong>salu·</strong></span> 
     </span>
     <span class='ocr_line' id='line_1_7' title="bbox 94 1676 1206 1765; baseline -0.003 -19"><span class='ocrx_word' id='word_1_39' title='bbox 94 1687 157 1748; x_wconf 85' lang='lat' dir='ltr'><strong>tem</strong></span> <span class='ocrx_word' id='word_1_40' title='bbox 173 1681 208 1747; x_wconf 91' lang='lat' dir='ltr'><strong>in</strong></span> <span class='ocrx_word' id='word_1_41' title='bbox 219 1681 357 1748; x_wconf 91' lang='lat' dir='ltr'><strong>Domino</strong></span> <span class='ocrx_word' id='word_1_42' title='bbox 369 1678 609 1765; x_wconf 85' lang='lat' dir='ltr'><strong>sempiternam.</strong></span> <span class='ocrx_word' id='word_1_43' title='bbox 621 1682 742 1746; x_wconf 81' lang='lat' dir='ltr'><strong>Feruor</strong></span> <span class='ocrx_word' id='word_1_44' title='bbox 752 1676 917 1747; x_wconf 86' lang='lat' dir='ltr'><strong>fidelitatis</strong></span> <span class='ocrx_word' id='word_1_45' title='bbox 934 1678 1050 1745; x_wconf 85' lang='lat' dir='ltr'><strong>eximie</strong></span> <span class='ocrx_word' id='word_1_46' title='bbox 1066 1683 1099 1744; x_wconf 90' lang='lat' dir='ltr'><strong>et</strong></span> <span class='ocrx_word' id='word_1_47' title='bbox 1114 1678 1206 1746; x_wconf 87' lang='lat' dir='ltr'><strong>obsc-</strong></span> 
     </span>
     <span class='ocr_line' id='line_1_8' title="bbox 95 1785 1206 1873; baseline -0.005 -17"><span class='ocrx_word' id='word_1_48' title='bbox 95 1789 239 1872; x_wconf 90' lang='lat' dir='ltr'><strong>quiorum</strong></span> <span class='ocrx_word' id='word_1_49' title='bbox 264 1789 382 1856; x_wconf 84' lang='lat' dir='ltr'><strong>meritc</strong></span> <span class='ocrx_word' id='word_1_50' title='bbox 407 1787 607 1857; x_wconf 84' lang='lat' dir='ltr'><strong>subditorum</strong></span> <span class='ocrx_word' id='word_1_51' title='bbox 623 1785 722 1854; x_wconf 89' lang='lat' dir='ltr'><strong>corda</strong></span> <span class='ocrx_word' id='word_1_52' title='bbox 747 1789 870 1873; x_wconf 82' lang='lat' dir='ltr'><strong>Regum</strong></span> <span class='ocrx_word' id='word_1_53' title='bbox 891 1792 923 1854; x_wconf 89' lang='lat' dir='ltr'><strong>et</strong></span> <span class='ocrx_word' id='word_1_54' title='bbox 942 1786 1126 1870; x_wconf 77' lang='lat' dir='ltr'>Principum</span> <span class='ocrx_word' id='word_1_55' title='bbox 1145 1785 1206 1851; x_wconf 84' lang='lat' dir='ltr'><strong>ad-</strong></span> 
     </span>
     <span class='ocr_line' id='line_1_9' title="bbox 95 1893 1208 1981; baseline -0.004 -18"><span class='ocrx_word' id='word_1_56' title='bbox 95 1898 235 1981; x_wconf 79' lang='lat' dir='ltr'><strong>trabunt,</strong></span> <span class='ocrx_word' id='word_1_57' title='bbox 252 1897 411 1963; x_wconf 87' lang='lat' dir='ltr'><strong>inducunt</strong></span> <span class='ocrx_word' id='word_1_58' title='bbox 427 1903 459 1962; x_wconf 91' lang='lat' dir='ltr'><strong>et</strong></span> <span class='ocrx_word' id='word_1_59' title='bbox 475 1895 635 1980; x_wconf 85' lang='lat' dir='ltr'><strong>invitant,</strong></span> <span class='ocrx_word' id='word_1_60' title='bbox 659 1901 694 1960; x_wconf 94' lang='lat' dir='ltr'><strong>ut</strong></span> <span class='ocrx_word' id='word_1_61' title='bbox 719 1895 759 1978; x_wconf 93' lang='lat' dir='ltr'><strong>ii,</strong></span> <span class='ocrx_word' id='word_1_62' title='bbox 787 1895 841 1978; x_wconf 87' lang='lat' dir='ltr'><strong>qui</strong></span> <span class='ocrx_word' id='word_1_63' title='bbox 867 1893 1015 1962; x_wconf 85' lang='lat' dir='ltr'><strong>serviciis</strong></span> <span class='ocrx_word' id='word_1_64' title='bbox 1033 1893 1208 1962; x_wconf 81' lang='lat' dir='ltr'><strong>dominicis</strong></span> 
     </span>
     <span class='ocr_line' id='line_1_10' title="bbox 97 2002 1208 2088; baseline -0.005 -17"><span class='ocrx_word' id='word_1_65' title='bbox 97 2024 132 2072; x_wconf 89' lang='lat' dir='ltr'><strong>sc</strong></span> <span class='ocrx_word' id='word_1_66' title='bbox 147 2005 341 2087; x_wconf 81' lang='lat' dir='ltr'><strong>immiscent,</strong></span> <span class='ocrx_word' id='word_1_67' title='bbox 359 2003 521 2087; x_wconf 81' lang='lat' dir='ltr'><strong>condigne</strong></span> <span class='ocrx_word' id='word_1_68' title='bbox 537 2002 812 2070; x_wconf 85' lang='lat' dir='ltr'><strong>remuneracionis</strong></span> <span class='ocrx_word' id='word_1_69' title='bbox 832 2003 1003 2088; x_wconf 89' lang='lat' dir='ltr'><strong>stipendiis</strong></span> <span class='ocrx_word' id='word_1_70' title='bbox 1020 2003 1208 2068; x_wconf 89' lang='lat' dir='ltr'><strong>attolantur.</strong></span> 
     </span>
     <span class='ocr_line' id='line_1_11' title="bbox 97 2110 1210 2194; baseline -0.003 -15"><span class='ocrx_word' id='word_1_71' title='bbox 97 2111 238 2179; x_wconf 86' lang='lat' dir='ltr'><strong>Proinde</strong></span> <span class='ocrx_word' id='word_1_72' title='bbox 262 2111 307 2176; x_wconf 92' lang='lat' dir='ltr'><strong>ad</strong></span> <span class='ocrx_word' id='word_1_73' title='bbox 331 2111 556 2178; x_wconf 89' lang='lat' dir='ltr'><strong>universorum</strong></span> <span class='ocrx_word' id='word_1_74' title='bbox 581 2110 735 2182; x_wconf 81' lang='lat' dir='ltr'><strong>noticiam</strong></span> <span class='ocrx_word' id='word_1_75' title='bbox 762 2114 874 2176; x_wconf 89' lang='lat' dir='ltr'><strong>tenore</strong></span> <span class='ocrx_word' id='word_1_76' title='bbox 899 2111 1102 2194; x_wconf 87' lang='lat' dir='ltr'><strong>presencium</strong></span> <span class='ocrx_word' id='word_1_77' title='bbox 1120 2111 1210 2176; x_wconf 88' lang='lat' dir='ltr'><strong>volu·</strong></span> 
     </span>
     <span class='ocr_line' id='line_1_12' title="bbox 96 2217 1209 2306; baseline -0.004 -20"><span class='ocrx_word' id='word_1_78' title='bbox 96 2240 164 2288; x_wconf 91' lang='lat' dir='ltr'><strong>mus</strong></span> <span class='ocrx_word' id='word_1_79' title='bbox 180 2219 364 2306; x_wconf 89' lang='lat' dir='ltr'><strong>pervenire,</strong></span> <span class='ocrx_word' id='word_1_80' title='bbox 382 2219 469 2301; x_wconf 91' lang='lat' dir='ltr'><strong>qnod</strong></span> <span class='ocrx_word' id='word_1_81' title='bbox 485 2218 562 2302; x_wconf 90' lang='lat' dir='ltr'><strong>quia</strong></span> <span class='ocrx_word' id='word_1_82' title='bbox 577 2219 713 2287; x_wconf 87' lang='lat' dir='ltr'><strong>Hannus</strong></span> <span class='ocrx_word' id='word_1_83' title='bbox 729 2217 817 2285; x_wconf 89' lang='lat' dir='ltr'><strong>filius</strong></span> <span class='ocrx_word' id='word_1_84' title='bbox 833 2217 969 2286; x_wconf 78' lang='lat' dir='ltr'><strong>Comitis</strong></span> <span class='ocrx_word' id='word_1_85' title='bbox 990 2218 1153 2286; x_wconf 89' lang='lat' dir='ltr'><strong>Hcrbordi</strong></span> <span class='ocrx_word' id='word_1_86' title='bbox 1170 2219 1209 2284; x_wconf 87' lang='lat' dir='ltr'><strong>de</strong></span> 
     </span>
     <span class='ocr_line' id='line_1_13' title="bbox 97 2325 1211 2413; baseline -0.004 -17"><span class='ocrx_word' id='word_1_87' title='bbox 97 2329 210 2413; x_wconf 83' lang='lat' dir='ltr'><strong>Cassa,</strong></span> <span class='ocrx_word' id='word_1_88' title='bbox 229 2327 344 2394; x_wconf 78' lang='lat' dir='ltr'><strong>(lomes</strong></span> <span class='ocrx_word' id='word_1_89' title='bbox 363 2347 490 2395; x_wconf 88' lang='lat' dir='ltr'><strong>camere</strong></span> <span class='ocrx_word' id='word_1_90' title='bbox 506 2333 616 2394; x_wconf 87' lang='lat' dir='ltr'><strong>nostre</strong></span> <span class='ocrx_word' id='word_1_91' title='bbox 631 2327 826 2412; x_wconf 81' lang='lat' dir='ltr'><strong>Majestatis,</strong></span> <span class='ocrx_word' id='word_1_92' title='bbox 843 2327 947 2395; x_wconf 92' lang='lat' dir='ltr'><strong>oculis</strong></span> <span class='ocrx_word' id='word_1_93' title='bbox 958 2327 1078 2394; x_wconf 88' lang='lat' dir='ltr'><strong>nostris</strong></span> <span class='ocrx_word' id='word_1_94' title='bbox 1095 2325 1211 2392; x_wconf 84' lang='lat' dir='ltr'><strong>meruit</strong></span> 
     </span>
     <span class='ocr_line' id='line_1_14' title="bbox 98 2435 1212 2524; baseline 0.002 -22"><span class='ocrx_word' id='word_1_95' title='bbox 98 2435 318 2522; x_wconf 88' lang='lat' dir='ltr'><strong>multipliciter</strong></span> <span class='ocrx_word' id='word_1_96' title='bbox 329 2436 562 2522; x_wconf 89' lang='lat' dir='ltr'><strong>commendari,</strong></span> <span class='ocrx_word' id='word_1_97' title='bbox 574 2457 701 2520; x_wconf 89' lang='lat' dir='ltr'><strong>nosque</strong></span> <span class='ocrx_word' id='word_1_98' title='bbox 718 2437 818 2521; x_wconf 90' lang='lat' dir='ltr'><strong>ipsius</strong></span> <span class='ocrx_word' id='word_1_99' title='bbox 836 2437 976 2505; x_wconf 87' lang='lat' dir='ltr'><strong>servicia</strong></span> <span class='ocrx_word' id='word_1_100' title='bbox 992 2439 1126 2524; x_wconf 88' lang='lat' dir='ltr'><strong>pietatis</strong></span> <span class='ocrx_word' id='word_1_101' title='bbox 1138 2441 1212 2504; x_wconf 89' lang='lat' dir='ltr'><strong>ocu·</strong></span> 
     </span>
     <span class='ocr_line' id='line_1_15' title="bbox 99 2543 1212 2629; baseline 0 -17"><span class='ocrx_word' id='word_1_102' title='bbox 99 2546 140 2612; x_wconf 93' lang='lat' dir='ltr'><strong>lis</strong></span> <span class='ocrx_word' id='word_1_103' title='bbox 157 2548 332 2626; x_wconf 86' lang='lat' dir='ltr'><strong>intuentes,</strong></span> <span class='ocrx_word' id='word_1_104' title='bbox 352 2545 565 2628; x_wconf 87' lang='lat' dir='ltr'><strong>volentesque</strong></span> <span class='ocrx_word' id='word_1_105' title='bbox 576 2546 680 2628; x_wconf 88' lang='lat' dir='ltr'><strong>ipsius</strong></span> <span class='ocrx_word' id='word_1_106' title='bbox 696 2543 912 2614; x_wconf 85' lang='lat' dir='ltr'><strong>fidelitatibus</strong></span> <span class='ocrx_word' id='word_1_107' title='bbox 929 2555 962 2614; x_wconf 86' lang='lat' dir='ltr'><strong>et</strong></span> <span class='ocrx_word' id='word_1_108' title='bbox 972 2546 1138 2629; x_wconf 90' lang='lat' dir='ltr'><strong>obsequiis</strong></span> <span class='ocrx_word' id='word_1_109' title='bbox 1155 2547 1212 2614; x_wconf 88' lang='lat' dir='ltr'><strong>ali-</strong></span> 
     </span>
     <span class='ocr_line' id='line_1_16' title="bbox 100 2652 1212 2742; baseline 0.001 -23"><span class='ocrx_word' id='word_1_110' title='bbox 100 2657 186 2738; x_wconf 87' lang='lat' dir='ltr'><strong>quali</strong></span> <span class='ocrx_word' id='word_1_111' title='bbox 202 2652 481 2721; x_wconf 87' lang='lat' dir='ltr'><strong>remuneracionis</strong></span> <span class='ocrx_word' id='word_1_112' title='bbox 507 2653 656 2720; x_wconf 92' lang='lat' dir='ltr'><strong>antidoto</strong></span> <span class='ocrx_word' id='word_1_113' title='bbox 672 2653 809 2722; x_wconf 84' lang='lat' dir='ltr'><strong>obviare</strong></span> <span class='ocrx_word' id='word_1_114' title='bbox 819 2704 827 2738; x_wconf 92' lang='lat'><strong>,</strong></span> <span class='ocrx_word' id='word_1_115' title='bbox 852 2658 981 2742; x_wconf 81' lang='lat' dir='ltr'><strong>sylvam</strong></span> <span class='ocrx_word' id='word_1_116' title='bbox 997 2658 1083 2722; x_wconf 87' lang='lat' dir='ltr'><strong>intra</strong></span> <span class='ocrx_word' id='word_1_117' title='bbox 1100 2655 1212 2723; x_wconf 87' lang='lat' dir='ltr'><strong>civita·</strong></span> 
     </span>
     <span class='ocr_line' id='line_1_17' title="bbox 98 2759 1214 2833; baseline -0.002 -4"><span class='ocrx_word' id='word_1_118' title='bbox 98 2771 147 2830; x_wconf 89' lang='lat' dir='ltr'><strong>tes</strong></span> <span class='ocrx_word' id='word_1_119' title='bbox 164 2761 296 2833; x_wconf 87' lang='lat' dir='ltr'><strong>nostras</strong></span> <span class='ocrx_word' id='word_1_120' title='bbox 310 2764 546 2833; x_wconf 78' lang='lat' dir='ltr'><strong>Geinuobbana</strong></span> <span class='ocrx_word' id='word_1_121' title='bbox 562 2772 594 2830; x_wconf 90' lang='lat' dir='ltr'><strong>et</strong></span> <span class='ocrx_word' id='word_1_122' title='bbox 618 2763 660 2830; x_wconf 90' lang='lat' dir='ltr'><strong>dc</strong></span> <span class='ocrx_word' id='word_1_123' title='bbox 680 2759 785 2830; x_wconf 77' lang='lat' dir='ltr'><strong>Cassa</strong></span> <span class='ocrx_word' id='word_1_124' title='bbox 810 2765 964 2832; x_wconf 89' lang='lat' dir='ltr'><strong>situatam</strong></span> <span class='ocrx_word' id='word_1_125' title='bbox 990 2784 1048 2832; x_wconf 89' lang='lat' dir='ltr'><strong>seu</strong></span> <span class='ocrx_word' id='word_1_126' title='bbox 1073 2766 1214 2831; x_wconf 88' lang='lat' dir='ltr'><strong>existen·</strong></span> 
     </span>
     <span class='ocr_line' id='line_1_18' title="bbox 100 2869 1215 2956; baseline 0.002 -20"><span class='ocrx_word' id='word_1_127' title='bbox 100 2878 171 2954; x_wconf 84' lang='lat' dir='ltr'><strong>tem,</strong></span> <span class='ocrx_word' id='word_1_128' title='bbox 189 2871 230 2938; x_wconf 88' lang='lat' dir='ltr'><strong>ad</strong></span> <span class='ocrx_word' id='word_1_129' title='bbox 250 2878 395 2939; x_wconf 84' lang='lat' dir='ltr'><strong>nost-ram</strong></span> <span class='ocrx_word' id='word_1_130' title='bbox 411 2893 545 2940; x_wconf 92' lang='lat' dir='ltr'><strong>manum</strong></span> <span class='ocrx_word' id='word_1_131' title='bbox 561 2869 749 2938; x_wconf 90' lang='lat' dir='ltr'><strong>immediate</strong></span> <span class='ocrx_word' id='word_1_132' title='bbox 760 2879 973 2956; x_wconf 84' lang='lat' dir='ltr'><strong>spectantem,</strong></span> <span class='ocrx_word' id='word_1_133' title='bbox 989 2873 1166 2952; x_wconf 86' lang='lat' dir='ltr'><strong>desertam,</strong></span> <span class='ocrx_word' id='word_1_134' title='bbox 1182 2879 1215 2938; x_wconf 91' lang='lat' dir='ltr'><strong>et</strong></span> 
     </span>
     <span class='ocr_line' id='line_1_19' title="bbox 99 2977 1213 3062; baseline 0 -16"><span class='ocrx_word' id='word_1_135' title='bbox 99 2981 264 3048; x_wconf 86' lang='lat' dir='ltr'><strong>intensam</strong></span> <span class='ocrx_word' id='word_1_136' title='bbox 280 2979 364 3048; x_wconf 89' lang='lat' dir='ltr'><strong>inter</strong></span> <span class='ocrx_word' id='word_1_137' title='bbox 379 2977 494 3048; x_wconf 86' lang='lat' dir='ltr'><strong>fluvios</strong></span> <span class='ocrx_word' id='word_1_138' title='bbox 512 2981 611 3046; x_wconf 87' lang='lat' dir='ltr'><strong>Mizla</strong></span> <span class='ocrx_word' id='word_1_139' title='bbox 627 2985 660 3046; x_wconf 89' lang='lat' dir='ltr'><strong>et</strong></span> <span class='ocrx_word' id='word_1_140' title='bbox 677 2981 841 3048; x_wconf 82' lang='lat' dir='ltr'><strong>(lbernuta</strong></span> <span class='ocrx_word' id='word_1_141' title='bbox 856 2987 993 3048; x_wconf 87' lang='lat' dir='ltr'><strong>vocatos</strong></span> <span class='ocrx_word' id='word_1_142' title='bbox 1010 2982 1213 3062; x_wconf 84' lang='lat' dir='ltr'><strong>existentem,</strong></span> 
     </span>
     <span class='ocr_line' id='line_1_20' title="bbox 102 3087 1214 3176; baseline 0.002 -23"><span class='ocrx_word' id='word_1_143' title='bbox 102 3108 203 3172; x_wconf 91' lang='lat' dir='ltr'><strong>usque</strong></span> <span class='ocrx_word' id='word_1_144' title='bbox 221 3088 265 3155; x_wconf 87' lang='lat' dir='ltr'><strong>ad</strong></span> <span class='ocrx_word' id='word_1_145' title='bbox 279 3087 395 3156; x_wconf 85' lang='lat' dir='ltr'><strong>fluvios</strong></span> <span class='ocrx_word' id='word_1_146' title='bbox 413 3089 495 3158; x_wconf 88' lang='lat' dir='ltr'><strong>Bela</strong></span> <span class='ocrx_word' id='word_1_147' title='bbox 511 3095 542 3154; x_wconf 86' lang='lat' dir='ltr'><strong>et</strong></span> <span class='ocrx_word' id='word_1_148' title='bbox 559 3091 619 3156; x_wconf 89' lang='lat' dir='ltr'><strong>Kis</strong></span> <span class='ocrx_word' id='word_1_149' title='bbox 638 3090 785 3157; x_wconf 81' lang='lat' dir='ltr'><strong>Geinucb</strong></span> <span class='ocrx_word' id='word_1_150' title='bbox 809 3096 1034 3176; x_wconf 87' lang='lat' dir='ltr'><strong>nuncupatos,</strong></span> <span class='ocrx_word' id='word_1_151' title='bbox 1059 3096 1154 3176; x_wconf 88' lang='lat' dir='ltr'><strong>prout</strong></span> <span class='ocrx_word' id='word_1_152' title='bbox 1170 3089 1214 3155; x_wconf 85' lang='lat' dir='ltr'><strong>ad</strong></span> 
     </span>
     <span class='ocr_line' id='line_1_21' title="bbox 102 3197 1213 3281; baseline 0 -21"><span class='ocrx_word' id='word_1_153' title='bbox 102 3206 249 3264; x_wconf 87' lang='lat' dir='ltr'><strong>nostram</strong></span> <span class='ocrx_word' id='word_1_154' title='bbox 268 3197 405 3280; x_wconf 76' lang='lat' dir='ltr'><strong>Regiam¹</strong></span> <span class='ocrx_word' id='word_1_155' title='bbox 420 3200 560 3280; x_wconf 88' lang='lat' dir='ltr'><strong>pertinet</strong></span> <span class='ocrx_word' id='word_1_156' title='bbox 576 3197 798 3281; x_wconf 87' lang='lat' dir='ltr'><strong>Majestatem,</strong></span> <span class='ocrx_word' id='word_1_157' title='bbox 816 3198 920 3266; x_wconf 88' lang='lat' dir='ltr'><strong>eidem</strong></span> <span class='ocrx_word' id='word_1_158' title='bbox 932 3199 1049 3268; x_wconf 80' lang='lat' dir='ltr'><strong>comiti</strong></span> <span class='ocrx_word' id='word_1_159' title='bbox 1068 3199 1213 3278; x_wconf 89' lang='lat' dir='ltr'><strong>Hannus,</strong></span> 
     </span>
     <span class='ocr_line' id='line_1_22' title="bbox 102 3304 1215 3390; baseline 0 -20"><span class='ocrx_word' id='word_1_160' title='bbox 102 3313 133 3370; x_wconf 88' lang='lat' dir='ltr'><strong>et</strong></span> <span class='ocrx_word' id='word_1_161' title='bbox 148 3325 207 3390; x_wconf 92' lang='lat' dir='ltr'><strong>per</strong></span> <span class='ocrx_word' id='word_1_162' title='bbox 225 3324 295 3370; x_wconf 89' lang='lat' dir='ltr'><strong>eum</strong></span> <span class='ocrx_word' id='word_1_163' title='bbox 315 3305 379 3372; x_wconf 87' lang='lat' dir='ltr'><strong>suis</strong></span> <span class='ocrx_word' id='word_1_164' title='bbox 399 3304 592 3388; x_wconf 88' lang='lat' dir='ltr'><strong>heredibus,</strong></span> <span class='ocrx_word' id='word_1_165' title='bbox 618 3307 838 3390; x_wconf 86' lang='lat' dir='ltr'><strong>heredumque</strong></span> <span class='ocrx_word' id='word_1_166' title='bbox 863 3327 995 3375; x_wconf 88' lang='lat' dir='ltr'><strong>suorum</strong></span> <span class='ocrx_word' id='word_1_167' title='bbox 1020 3305 1215 3375; x_wconf 90' lang='lat' dir='ltr'><strong>successori-</strong></span> 
     </span>
     <span class='ocr_line' id='line_1_23' title="bbox 102 3414 1215 3502; baseline -0.003 -22"><span class='ocrx_word' id='word_1_168' title='bbox 102 3416 161 3480; x_wconf 85' lang='lat' dir='ltr'><strong>bus</strong></span> <span class='ocrx_word' id='word_1_169' title='bbox 182 3415 377 3480; x_wconf 92' lang='lat' dir='ltr'><strong>oontulimus</strong></span> <span class='ocrx_word' id='word_1_170' title='bbox 389 3420 421 3480; x_wconf 91' lang='lat' dir='ltr'><strong>et</strong></span> <span class='ocrx_word' id='word_1_171' title='bbox 437 3414 633 3482; x_wconf 88' lang='lat' dir='ltr'><strong>tradidimus</strong></span> <span class='ocrx_word' id='word_1_172' title='bbox 647 3418 720 3501; x_wconf 91' lang='lat' dir='ltr'><strong>jure</strong></span> <span class='ocrx_word' id='word_1_173' title='bbox 738 3424 894 3502; x_wconf 91' lang='lat' dir='ltr'><strong>perpetuo</strong></span> <span class='ocrx_word' id='word_1_174' title='bbox 906 3424 937 3482; x_wconf 88' lang='lat' dir='ltr'><strong>et</strong></span> <span class='ocrx_word' id='word_1_175' title='bbox 955 3414 1215 3483; x_wconf 87' lang='lat' dir='ltr'><strong>irrevocabiliter</strong></span> 
     </span>
     <span class='ocr_line' id='line_1_24' title="bbox 103 3523 1216 3610; baseline 0 -22"><span class='ocrx_word' id='word_1_176' title='bbox 103 3523 348 3606; x_wconf 88' lang='lat' dir='ltr'><strong>possidendam.</strong></span> <span class='ocrx_word' id='word_1_177' title='bbox 379 3525 421 3590; x_wconf 78' lang='lat' dir='ltr'><strong>ut</strong></span> <span class='ocrx_word' id='word_1_178' title='bbox 446 3523 584 3592; x_wconf 84' lang='lat' dir='ltr'><strong>eundem</strong></span> <span class='ocrx_word' id='word_1_179' title='bbox 609 3524 768 3592; x_wconf 80' lang='lat' dir='ltr'><strong>Comitem</strong></span> <span class='ocrx_word' id='word_1_180' title='bbox 795 3525 931 3592; x_wconf 88' lang='lat' dir='ltr'><strong>Hannus</strong></span> <span class='ocrx_word' id='word_1_181' title='bbox 955 3526 986 3590; x_wconf 89' lang='lat' dir='ltr'><strong>in</strong></span> <span class='ocrx_word' id='word_1_182' title='bbox 1015 3525 1216 3610; x_wconf 86' lang='lat' dir='ltr'><strong>corporalem</strong></span> 
     </span>
     <span class='ocr_line' id='line_1_25' title="bbox 103 3631 1215 3718; baseline 0.003 -23"><span class='ocrx_word' id='word_1_183' title='bbox 103 3631 345 3715; x_wconf 86' lang='lat' dir='ltr'><strong>possessionem</strong></span> <span class='ocrx_word' id='word_1_184' title='bbox 361 3631 446 3696; x_wconf 90' lang='lat' dir='ltr'><strong>dicte</strong></span> <span class='ocrx_word' id='word_1_185' title='bbox 464 3632 558 3716; x_wconf 86' lang='lat' dir='ltr'><strong>sylve</strong></span> <span class='ocrx_word' id='word_1_186' title='bbox 574 3639 607 3696; x_wconf 86' lang='lat' dir='ltr'><strong>et</strong></span> <span class='ocrx_word' id='word_1_187' title='bbox 623 3640 707 3716; x_wconf 86' lang='lat' dir='ltr'><strong>terre</strong></span> <span class='ocrx_word' id='word_1_188' title='bbox 724 3633 976 3718; x_wconf 83' lang='lat' dir='ltr'><strong>perFeldricum</strong></span> <span class='ocrx_word' id='word_1_189' title='bbox 993 3633 1215 3699; x_wconf 78' lang='lat' dir='ltr'><strong>Oastettanum</strong></span> 
     </span>
     <span class='ocr_line' id='line_1_26' title="bbox 104 3739 1215 3828; baseline 0.003 -25"><span class='ocrx_word' id='word_1_190' title='bbox 104 3747 248 3807; x_wconf 88' lang='lat' dir='ltr'><strong>nostrum</strong></span> <span class='ocrx_word' id='word_1_191' title='bbox 265 3739 306 3802; x_wconf 89' lang='lat' dir='ltr'><strong>de</strong></span> <span class='ocrx_word' id='word_1_192' title='bbox 322 3740 427 3805; x_wconf 79' lang='lat' dir='ltr'><strong>Potolr</strong></span> <span class='ocrx_word' id='word_1_193' title='bbox 443 3739 503 3806; x_wconf 90' lang='lat' dir='ltr'><strong>sub</strong></span> <span class='ocrx_word' id='word_1_194' title='bbox 529 3741 716 3809; x_wconf 89' lang='lat' dir='ltr'><strong>testimonio</strong></span> <span class='ocrx_word' id='word_1_195' title='bbox 734 3742 879 3827; x_wconf 78' lang='lat' dir='ltr'><strong>Capituli</strong></span> <span class='ocrx_word' id='word_1_196' title='bbox 894 3743 1063 3828; x_wconf 85' lang='lat' dir='ltr'><strong>Agricnsis</strong></span> <span class='ocrx_word' id='word_1_197' title='bbox 1079 3741 1215 3809; x_wconf 87' lang='lat' dir='ltr'><strong>fecimus</strong></span> 
     </span>
     <span class='ocr_line' id='line_1_27' title="bbox 105 3847 1214 3935; baseline -0.001 -23"><span class='ocrx_word' id='word_1_198' title='bbox 105 3848 274 3917; x_wconf 90' lang='lat' dir='ltr'><strong>introduci.</strong></span> <span class='ocrx_word' id='word_1_199' title='bbox 291 3849 328 3912; x_wconf 92' lang='lat' dir='ltr'><strong>In</strong></span> <span class='ocrx_word' id='word_1_200' title='bbox 347 3847 438 3932; x_wconf 87' lang='lat' dir='ltr'><strong>cujus</strong></span> <span class='ocrx_word' id='word_1_201' title='bbox 457 3848 505 3914; x_wconf 89' lang='lat' dir='ltr'><strong>rei</strong></span> <span class='ocrx_word' id='word_1_202' title='bbox 524 3851 733 3934; x_wconf 92' lang='lat' dir='ltr'><strong>memoriam,</strong></span> <span class='ocrx_word' id='word_1_203' title='bbox 760 3851 1009 3934; x_wconf 87' lang='lat' dir='ltr'><strong>firmitatemque</strong></span> <span class='ocrx_word' id='word_1_204' title='bbox 1024 3853 1214 3935; x_wconf 90' lang='lat' dir='ltr'><strong>perpetuam</strong></span> 
     </span>
     <span class='ocr_line' id='line_1_28' title="bbox 106 3949 1216 4045; baseline -0.001 -22"><span class='ocrx_word' id='word_1_205' title='bbox 106 3961 275 4042; x_wconf 86' lang='lat' dir='ltr'><strong>presentes</strong></span> <span class='ocrx_word' id='word_1_206' title='bbox 301 3949 523 4024; x_wconf 82' lang='lat' dir='ltr'><strong>concessimus</strong></span> <span class='ocrx_word' id='word_1_207' title='bbox 550 3957 714 4041; x_wconf 91' lang='lat' dir='ltr'><strong>dupplicis</strong></span> <span class='ocrx_word' id='word_1_208' title='bbox 731 3960 832 4045; x_wconf 84' lang='lat' dir='ltr'><strong>sigilli</strong></span> <span class='ocrx_word' id='word_1_209' title='bbox 848 3961 950 4025; x_wconf 89' lang='lat' dir='ltr'><strong>nostri</strong></span> <span class='ocrx_word' id='word_1_210' title='bbox 976 3958 1151 4023; x_wconf 90' lang='lat' dir='ltr'><strong>munimine</strong></span> <span class='ocrx_word' id='word_1_211' title='bbox 1167 3977 1216 4022; x_wconf 91' lang='lat' dir='ltr'><strong>ro-</strong></span> 
     </span>
     <span class='ocr_line' id='line_1_29' title="bbox 107 4064 1215 4155; baseline 0.001 -23"><span class='ocrx_word' id='word_1_212' title='bbox 107 4068 248 4132; x_wconf 87' lang='lat' dir='ltr'><strong>boratas.</strong></span> <span class='ocrx_word' id='word_1_213' title='bbox 265 4067 384 4131; x_wconf 87' lang='lat' dir='ltr'><strong>Datum</strong></span> <span class='ocrx_word' id='word_1_214' title='bbox 409 4085 469 4150; x_wconf 88' lang='lat' dir='ltr'><strong>per</strong></span> <span class='ocrx_word' id='word_1_215' title='bbox 485 4084 601 4133; x_wconf 88' lang='lat' dir='ltr'><strong>manus</strong></span> <span class='ocrx_word' id='word_1_216' title='bbox 628 4068 826 4135; x_wconf 88' lang='lat' dir='ltr'><strong>venerabilis</strong></span> <span class='ocrx_word' id='word_1_217' title='bbox 852 4069 956 4155; x_wconf 87' lang='lat' dir='ltr'><strong>patris</strong></span> <span class='ocrx_word' id='word_1_218' title='bbox 973 4066 1094 4132; x_wconf 92' lang='lat' dir='ltr'><strong>domini</strong></span> <span class='ocrx_word' id='word_1_219' title='bbox 1109 4064 1215 4133; x_wconf 84' lang='lat' dir='ltr'><strong>Theo-</strong></span> 
     </span>
     <span class='ocr_line' id='line_1_30' title="bbox 107 4175 1217 4262; baseline -0.002 -20"><span class='ocrx_word' id='word_1_220' title='bbox 107 4177 175 4243; x_wconf 90' lang='lat' dir='ltr'><strong>dori</strong></span> <span class='ocrx_word' id='word_1_221' title='bbox 190 4176 255 4242; x_wconf 89' lang='lat' dir='ltr'><strong>Dei</strong></span> <span class='ocrx_word' id='word_1_222' title='bbox 270 4175 383 4260; x_wconf 83' lang='lat' dir='ltr'><strong>gracia</strong></span> <span class='ocrx_word' id='word_1_223' title='bbox 398 4175 554 4262; x_wconf 82' lang='lat' dir='ltr'><strong>Episcopi</strong></span> <span class='ocrx_word' id='word_1_224' title='bbox 569 4177 771 4261; x_wconf 89' lang='lat' dir='ltr'><strong>Jauriensis,</strong></span> <span class='ocrx_word' id='word_1_225' title='bbox 789 4179 900 4245; x_wconf 90' lang='lat' dir='ltr'><strong>dilecti</strong></span> <span class='ocrx_word' id='word_1_226' title='bbox 916 4184 948 4245; x_wconf 88' lang='lat' dir='ltr'><strong>et</strong></span> <span class='ocrx_word' id='word_1_227' title='bbox 973 4176 1079 4244; x_wconf 88' lang='lat' dir='ltr'><strong>fidelis</strong></span> <span class='ocrx_word' id='word_1_228' title='bbox 1103 4177 1217 4258; x_wconf 91' lang='lat' dir='ltr'><strong>nostri,</strong></span> 
     </span>
     <span class='ocr_line' id='line_1_31' title="bbox 108 4283 1218 4371; baseline 0.002 -21"><span class='ocrx_word' id='word_1_229' title='bbox 108 4286 180 4350; x_wconf 91' lang='lat' dir='ltr'><strong>aule</strong></span> <span class='ocrx_word' id='word_1_230' title='bbox 196 4291 307 4352; x_wconf 90' lang='lat' dir='ltr'><strong>nostre</strong></span> <span class='ocrx_word' id='word_1_231' title='bbox 331 4283 630 4371; x_wconf 78' lang='lat' dir='ltr'><strong>vice-Cancellari,</strong></span> <span class='ocrx_word' id='word_1_232' title='bbox 647 4307 732 4353; x_wconf 89' lang='lat' dir='ltr'><strong>anno</strong></span> <span class='ocrx_word' id='word_1_233' title='bbox 750 4288 882 4356; x_wconf 93' lang='lat' dir='ltr'><strong>Domini</strong></span> <span class='ocrx_word' id='word_1_234' title='bbox 907 4287 1077 4354; x_wconf 91' lang='lat' dir='ltr'><strong>millesimo</strong></span> <span class='ocrx_word' id='word_1_235' title='bbox 1103 4287 1218 4354; x_wconf 91' lang='lat' dir='ltr'><strong>ducen-</strong></span> 
     </span>
     <span class='ocr_line' id='line_1_32' title="bbox 108 4393 1217 4480; baseline 0.005 -25"><span class='ocrx_word' id='word_1_236' title='bbox 108 4394 223 4462; x_wconf 90' lang='lat' dir='ltr'><strong>tesimo</strong></span> <span class='ocrx_word' id='word_1_237' title='bbox 239 4393 452 4478; x_wconf 83' lang='lat' dir='ltr'><strong>nonagesimo</strong></span> <span class='ocrx_word' id='word_1_238' title='bbox 464 4393 611 4480; x_wconf 86' lang='lat' dir='ltr'><strong>septimo,</strong></span> <span class='ocrx_word' id='word_1_239' title='bbox 627 4395 731 4478; x_wconf 83' lang='lat' dir='ltr'><strong>Regni</strong></span> <span class='ocrx_word' id='word_1_240' title='bbox 741 4402 851 4463; x_wconf 88' lang='lat' dir='ltr'><strong>autem</strong></span> <span class='ocrx_word' id='word_1_241' title='bbox 861 4395 965 4462; x_wconf 90' lang='lat' dir='ltr'><strong>nostri</strong></span> <span class='ocrx_word' id='word_1_242' title='bbox 981 4414 1067 4462; x_wconf 90' lang='lat' dir='ltr'><strong>anno</strong></span> <span class='ocrx_word' id='word_1_243' title='bbox 1079 4394 1217 4480; x_wconf 89' lang='lat' dir='ltr'><strong>septimo</strong></span> 
     </span>
    </p>
   </div>
   <div class='ocr_carea' id='block_1_4' title="bbox 304 4569 1061 4650">
    <p class='ocr_par' dir='ltr' id='par_1_4' title="bbox 304 4569 1061 4650">
     <span class='ocr_line' id='line_1_33' title="bbox 304 4569 1061 4650; baseline 0 -24"><span class='ocrx_word' id='word_1_244' title='bbox 304 4569 411 4636; x_wconf 87' lang='lat' dir='ltr'><strong>(Kassa</strong></span> <span class='ocrx_word' id='word_1_245' title='bbox 421 4571 507 4628; x_wconf 75' lang='lat' dir='ltr'><strong>vdros</strong></span> <span class='ocrx_word' id='word_1_246' title='bbox 520 4571 760 4630; x_wconf 75' lang='lat' dir='ltr'><strong>levclttrtbtbtl.</strong></span> <span class='ocrx_word' id='word_1_247' title='bbox 774 4575 895 4628; x_wconf 70' lang='lat' dir='ltr'><strong>Hotoman·</strong></span> <span class='ocrx_word' id='word_1_248' title='bbox 907 4570 1023 4644; x_wconf 79' lang='lat' dir='ltr'><strong>Mibdlp.)</strong></span> <span class='ocrx_word' id='word_1_249' title='bbox 1054 4638 1061 4650; x_wconf 29' lang='grc' dir='ltr'>Ι</span> 
     </span>
    </p>
   </div>
   <div class='ocr_carea' id='block_1_5' title="bbox 534 4782 777 4793">
    <p class='ocr_par' dir='ltr' id='par_1_5' title="bbox 534 4782 777 4793">
     <span class='ocr_line' id='line_1_34' title="bbox 534 4782 777 4793; baseline 0.004 -1"><span class='ocrx_word' id='word_1_250' title='bbox 534 4782 777 4793; x_wconf 64' lang='lat' dir='ltr'><strong>u—u--a——uu</strong></span> 
     </span>
    </p>
   </div>
   <div class='ocr_carea' id='block_1_6' title="bbox 0 0 1609 5238">
    <p class='ocr_par' dir='ltr' id='par_1_6' title="bbox 0 0 1609 5238">
     <span class='ocr_line' id='line_1_35' title="bbox 0 0 1609 5238; baseline 0 0"><span class='ocrx_word' id='word_1_251' title='bbox 0 0 1609 5238; x_wconf 95' lang='lat' dir='ltr'><strong> </strong></span> 
     </span>
    </p>
   </div>
  </div>
 </body>
</html>
