3214 5238
340 613 576 701 appellacionis
592 613 778 681 huiusmodi
794 614 978 699 terminum,
1004 623 1176 698 tempusa
1203 612 1280 695 lege
1306 607 1464 678 indultum
1592 659 1593 690 ,

334 741 429 806 pono,
447 721 629 790 Ecclesiam
647 722 917 790 Transsiluanam
945 739 1016 788 cum
1033 719 1101 786 sois
1118 719 1244 788 iuribus
1264 720 1298 784 in
1317 723 1412 803 parte
1428 723 1460 782 et

333 829 367 895 in
383 836 449 893 toto
476 829 675 913 proteceicni
701 827 845 896 eiusdem
872 827 967 894 Sedis
984 827 1132 913 sublicio,
1160 833 1193 893 et
1210 846 1250 894 nc
1277 824 1405 908 aliquid
1425 827 1458 891 in

335 937 550 1024 preludicium
568 937 718 1006 Ecclesie
734 937 972 1006 Transsiluane
998 941 1226 1023 attemptetur,
1244 934 1399 1022 appello,
1427 939 1458 998 et

335 1045 447 1112 iterum
465 1045 617 1131 appello;
636 1047 816 1133 Apostolos
834 1053 933 1133 peto,
952 1045 1121 1132 instanter,
1139 1045 1337 1126 instantius,
1359 1048 1393 1108 et
1409 1041 1456 1106 in·

335 1152 538 1218 stantissime
556 1161 653 1238 peto,
681 1164 713 1221 et
729 1156 759 1222 si
776 1175 834 1240 pcr
851 1175 923 1222 eum
941 1153 1168 1239 denegantur,
1195 1171 1367 1237 perquem
1386 1148 1458 1214 clari

335 1259 503 1344 debentur,
521 1265 637 1329 saltem
655 1263 722 1346 illi,
741 1265 798 1346 qui
815 1282 911 1331 aures
928 1261 1082 1330 audiendi
1099 1262 1241 1340 habent,
1260 1259 1410 1342 audiant,
1428 1263 1460 1323 et

335 1367 451 1451 spiritu
476 1366 564 1434 fideli
596 1371 822 1456 perscribant,
856 1379 888 1437 et
919 1368 1110 1456 inscriptis
1143 1371 1292 1436 Romane
1325 1365 1460 1433 tradant

336 1476 495 1544 Ecclesia
1087 1562 1094 1570 ς

441 1586 478 1650 ln
496 1585 586 1652 cuius
601 1585 649 1650 rei
665 1585 887 1654 testimonium
904 1590 1072 1670 presentes
1089 1590 1219 1650 nostras
1234 1581 1458 1649 concessimus

335 1691 483 1786 litteras,
511 1691 640 1776 sigillo,
666 1711 729 1774 quo
746 1693 934 1760 (tenuemus
951 1693 1070 1776 utitur,
1093 1692 1314 1776 consignatas.
1345 1692 1458 1756 Actum

335 1799 418 1866 Albe
435 1800 466 1864 in
484 1800 621 1866 termino
639 1801 834 1884 supradicto,
853 1817 937 1868 anno
954 1799 1086 1865 Domini
1103 1799 1153 1866 Μο
1169 1797 1277 1900 COOl.

550 1991 690 2065 (Teutsch
705 1992 735 2050 es
750 1995 912 2050 Firnhaber
925 1995 960 2050 id.
976 2014 1010 2048 nr.
1024 1995 1048 2049 9.
1063 1995 1123 2050 kct.
1137 1994 1197 2049 217.
1211 1991 1242 2062 l.)

771 2263 1027 2276 ι-ιι--υι-η-ω

862 2803 940 2869 ros.
997 2889 1001 2898 Ι
1037 2751 1039 2755 ’

338 3003 430 3066 Pe‘ter
446 3002 599 3066 irortzoaoi
623 2999 693 3063 ὂίνό
709 3001 865 3064 Morosinc'
880 2997 1019 3085 Milolpc
1028 2999 1148 3084 jodroa‘
1170 2997 1278 3083 pauset
1304 2999 1457 3084 Mopyar-

607 3111 718 3192 orsqu
735 3107 891 3193 dolyoc'rol
908 3107 1071 3192 tadosc‘tja.
1089 3107 1187 3170 1300.

443 3305 608 3388 Egregie,
634 3303 809 3391 Magnifica
835 3325 874 3370 ae
900 3305 1026 3389 potenti
1053 3303 1124 3372 viro
1153 3278 1459 3371 domino-Michaeli

336 3414 530 3479 Mauroceno
547 3410 664 3478 comiti
690 3411 844 3479 Jadrensi
869 3415 985 3479 Petrus
1005 3413 1047 3478 de
1064 3413 1219 3479 Bonzano
1244 3411 1286 3476 de
1303 3409 1458 3477 Tarvisio

335 3539 372 3585 se
388 3520 495 3603 ipsum
513 3525 545 3583 et
560 3540 735 3604 prosperos
752 3519 794 3584 ad
805 3528 884 3588 vota
900 3539 1083 3587 successus.
1095 3520 1274 3607 Noveritis,
1292 3519 1379 3602 quod
1396 3538 1457 3603 ego

334 3627 381 3692 l'ui
397 3629 486 3711 apud
502 3627 666 3695 Illustrem
684 3627 847 3695 dominum
865 3631 985 3714 Regem
1001 3627 1171 3716 Ungprie‚
1198 3626 1252 3711 qui
1267 3649 1327 3695 sua
1344 3626 1459 3712 gracia

336 3753 387 3798 mc
405 3734 519 3800 libenti
536 3734 645 3802 auimo
661 3733 756 3818 vidit,
774 3742 805 3801 et
823 3735 922 3800 mittit
938 3737 1111 3821 pecuniam
1127 3735 1169 3800 ad
1193 3733 1326 3800 Curiam
1344 3737 1459 3802 Archi·

336 3842 548 3928 episcopatus
566 3841 802 3925 strigoniensis
819 3864 877 3927 pro
895 3842 1025 3909 domino
1049 3847 1150 3910 fratre
1166 3843 1319 3928 Antonio,
1336 3850 1369 3909 et
1386 3864 1459 3930 pro·

336 3949 435 4017 mittit
450 3949 549 4034 milri,
567 3950 655 4031 quod
672 3951 704 4014 in
722 3951 807 4016 festo
823 3951 919 4016 Beati
936 3951 1069 4018 Martini
1090 3951 1196 4016 mittet
1212 3955 1376 4032 quaterna
1391 3951 1459 4016 mil-

337 4059 383 4123 lia
399 4059 554 4124 librarum
581 4058 791 4150 denariorum
817 4079 875 4145 pro
903 4060 992 4128 facto
1010 4061 1051 4127 de
1079 4058 1260 4141 Brondolo,
1289 4064 1322 4123 ct
1349 4059 1456 4142 eredo,

337 4167 424 4250 quod
441 4165 573 4235 omniuo
590 4167 717 4250 mittet;
744 4171 777 4231 et
793 4188 854 4252 ego
872 4166 940 4233 dixi
957 4165 1106 4254 pericula
1123 4173 1155 4231 et
1173 4165 1305 4253 damna,
1323 4185 1386 4250 quc
1403 4165 1457 4233 do·

336 4275 424 4342 mino
440 4275 523 4342 Deci
540 4274 673 4341 evenire
698 4279 869 4358 poterant,
896 4276 925 4342 si
943 4295 1007 4342 non
1025 4276 1187 4360 mitteret,
1213 4273 1269 4360 ita,
1288 4274 1376 4356 quod
1393 4293 1457 4343 cm·

336 4383 412 4450 nino
428 4384 553 4468 mittet;
579 4383 659 4451 etsi
684 4381 805 4448 lactum
823 4383 945 4449 domini
971 4383 1084 4450 fratris
1110 4381 1246 4449 Antonii
1261 4400 1328 4448 non
1345 4387 1458 4467 posset

336 4490 505 4578 expediri,
532 4491 687 4576 imposuit
703 4491 801 4575 milri,
829 4492 917 4574 quod
944 4491 984 4557 de
1006 4491 1171 4575 denariis,
1200 4509 1281 4573 quos
1300 4490 1401 4558 mittit
1415 4489 1457 4557 ad

336 4599 484 4682 (iuriam,
511 4600 637 4666 solvam
663 4597 769 4664 dictos
795 4596 960 4666 denarios.
978 4598 1141 4666 Dominus
1160 4599 1231 4664 Rex
1257 4604 1455 4682 sanuserat,

204 4748 207 4753 ·
335 4715 369 4776 et
385 4707 468 4774 bene
485 4706 614 4774 sciebat
630 4708 808 4774 adventum
826 4707 958 4794 nepotis
974 4710 1073 4794 Regis
1089 4708 1208 4792 caroli,
1226 4705 1316 4774 etde
1332 4726 1373 4776 eo
1390 4727 1453 4775 non
