3262 5242
102 1282 130 1344 A
144 1279 279 1342 advocet
294 1301 331 1341 az
348 1280 500 1364 ocatdlycs
507 1277 687 1362 fiodrelolccl,
704 1279 861 1354 modim,
877 1299 959 1365 oaqy
975 1276 1049 1340 caclo
1056 1275 1160 1362 fidyct
1174 1275 1212 1341 c'l·

103 1387 159 1452 latii
166 1385 322 1472 jcszoqolc
337 1387 368 1448 dc
377 1384 491 1448 birtolrc'
498 1387 597 1471 jcqok
612 1387 709 1469 icdot,
727 1408 765 1449 aa
775 1385 954 1472 ecztcrqami
968 1383 1123 1470 kdptclao
1132 1385 1212 1467 otto,

294 1495 447 1579 ooztctlyoa
463 1497 620 1582 eyyccdyrc
636 1493 752 1581 ldpcclc.
773 1495 867 1559 1290.
876 1497 950 1580 joc.
966 1494 1019 1557 30.

210 1687 408 1777 (V)niucrsis
425 1696 597 1776 presentes
608 1691 734 1758 litteras
750 1692 948 1778 inspecturis
959 1690 1144 1776 Capitulum
1153 1691 1215 1756 Ec·

105 1801 205 1868 closie
221 1798 453 1885 strigoniensis
470 1801 609 1868 salutern
625 1801 658 1866 in
673 1802 811 1868 Domino
828 1801 1065 1886 sempiternam.
1081 1798 1132 1864 Ad
1142 1801 1215 1864 vni-

105 1927 270 1977 uersorum
298 1909 451 1974 noticiam
487 1915 600 1976 tenore
638 1912 841 1995 presencium
866 1911 1009 1975 volumus
1034 1907 1215 1993 peruenire,

104 2019 187 2100 qnod
204 2017 341 2083 honesta
357 2021 506 2087 matrona
522 2015 652 2084 domina
669 2016 863 2106 Elysabeth,
880 2017 995 2083 relicta
1005 2014 1139 2082 Comitis
1155 2018 1216 2083 Pe-

104 2126 144 2192 tri
159 2125 219 2211 filij
237 2127 388 2212 Mykow,
405 2125 473 2192 filia
489 2127 620 2194 Andros
637 2127 770 2194 Comitis
787 2129 829 2194 de
845 2125 1041 2214 Wygmand‚
1065 2145 1130 2191 vna
1146 2143 1217 2191 cum

104 2233 237 2301 domina
262 2231 392 2314 Katha,
428 2234 542 2299 relicta
567 2234 690 2299 nobilis
726 2235 788 2302 viri
813 2234 948 2302 Oomitis
974 2232 1131 2316 Demetrij
1157 2230 1217 2316 tilij

104 2341 227 2427 Hunos,
247 2341 373 2408 scilicet
387 2341 454 2408 filia
470 2362 529 2408 sua
545 2344 687 2426 maiore,
712 2362 770 2426 pro
786 2363 822 2410 se
838 2350 870 2408 et
890 2361 948 2428 pro
963 2342 1097 2409 domina
1110 2343 1216 2424 Anna,

106 2457 258 2518 consorte
275 2451 408 2517 Comitis
425 2451 592 2535 Lampcrti
608 2451 666 2538 filij
685 2453 846 2538 Gacmerij
872 2450 943 2518 filia
959 2470 1020 2517 sua
1036 2451 1158 2518 iuniore
1174 2449 1216 2517 ab

104 2579 167 2626 una
182 2567 297 2645 parte;
315 2567 349 2625 ct
365 2560 479 2626 Comes
496 2562 598 2646 Bytcr
615 2561 703 2628 filius
721 2561 868 2627 eiusdem
879 2559 1042 2645 Mykonis,
1060 2559 1217 2642 magister

104 2665 289 2736 Demetrius
314 2665 399 2734 filius
421 2668 562 2753 Nycolai
586 2667 715 2733 nomine
741 2687 819 2750 suo,
847 2676 879 2733 ct
902 2669 974 2735 vice
998 2665 1139 2733 Mikonis
1159 2665 1217 2750 filij

105 2776 238 2853 Detrici‚
255 2776 363 2844 fratris
381 2797 498 2860 eornm,
517 2779 558 2844 ab
575 2779 691 2862 altera,
710 2775 754 2842 ad
770 2783 916 2844 nostram
930 2777 1134 2860 presenciam
1146 2792 1217 2860 pcr-

105 2888 267 2956 sonaliter
282 2887 497 2970 accedentes,
514 2905 611 2973 super
626 2885 781 2972 inimicijs
798 2893 831 2952 et
846 2885 1031 2972 discordijs,
1058 2906 1120 2969 que
1135 2885 1219 2954 inter

105 2998 191 3081 ipsos
223 2996 360 3062 racione
393 2998 635 3079 posscssionum
668 2995 889 3081 emptioiarum
921 3003 953 3062 et
987 2994 1219 3078 acquisitarum

107 3105 254 3171 eiusdem
271 3105 409 3173 Comitis
425 3107 531 3190 Petri,
546 3112 578 3172 et
596 3104 696 3173 castri
712 3108 762 3172 sui
777 3106 953 3192 Keykkew
967 3105 1075 3172 uocati
1091 3106 1221 3171 fucrant

106 3213 273 3293 suscitate,
291 3219 366 3298 post
382 3213 499 3278 multas
516 3213 754 3280 altercaciones
777 3213 909 3280 habitas
924 3213 1008 3278 inter
1023 3218 1144 3296 partes,
1162 3229 1220 3294 per

106 3321 316 3387 amicabilem
333 3322 606 3406 composicionem
623 3323 778 3388 bonorum
796 3341 927 3403 eornm,
952 3338 988 3385 se
1005 3317 1159 3385 dixerunt
1174 3323 1223 3383 ta·

106 3430 181 3497 liter
207 3429 426 3496 concordasse
443 3453 450 3492 :
467 3428 559 3507 Quod
587 3429 702 3496 cadem
727 3429 859 3496 domina
879 3427 1079 3516 Elysabeth,
1106 3426 1221 3493 relicta

107 3540 245 3606 Comitis
261 3536 350 3604 Petri
365 3537 475 3604 fratris
500 3558 609 3606 eornm
618 3588 628 3622 ‚
644 3545 677 3603 et
692 3537 755 3604 due
779 3537 846 3603 filie
863 3557 930 3620 sue,
957 3537 1085 3603 domine
1107 3534 1221 3601 Katha

106 3655 137 3712 et
152 3649 252 3712 Anna
277 3645 431 3732 predicte,
448 3646 675 3733 possessiones
702 3645 872 3730 empticias
890 3651 923 3712 et
938 3643 1116 3728 acquisitas
1133 3643 1221 3709 eins-

107 3755 177 3824 dem
195 3755 336 3824 Comitis
361 3756 467 3838 Petri,
496 3755 571 3822 Secl
595 3754 766 3838 videlicet;
791 3751 968 3838 Dorchan‚
997 3761 1029 3821 ct
1052 3761 1222 3834 utramque

106 3865 219 3930 villam
239 3861 370 3948 Olwar,
397 3883 524 3930 necnon
549 3869 691 3928 castrum
717 3860 875 3949 Kcylrlrw
891 3860 1133 3947 supradictum,
1150 3880 1221 3927 cum

108 3972 213 4039 vineis
232 3978 266 4037 et
284 3971 374 4038 siluis
391 3970 433 4038 ad
458 3971 563 4054 ipsum
581 3977 723 4037 castrum
749 3971 1008 4056 pertinentibus,
1033 3989 1096 4052 que
1112 3969 1222 4038 omnia

107 4090 138 4147 ct
162 4081 299 4165 singula
323 4080 553 4164 premissorum
578 4078 666 4146 idem
692 4079 808 4146 (lomes
833 4081 947 4146 Petrus
973 4077 1082 4144 adhuc
1105 4080 1222 4147 sinens

107 4191 174 4258 suis
190 4191 294 4256 rebus
305 4195 337 4253 et
354 4189 507 4273 expensis
521 4188 700 4258 dinoscitur
712 4207 930 4274 comparasse,
947 4188 1120 4254 etdomine
1130 4190 1223 4256 uxori

108 4305 140 4364 et
153 4298 288 4365 filiabus
305 4296 373 4365 suis
398 4296 556 4381 prelatis,
583 4297 626 4363 dc
642 4296 792 4380 lyconcia
807 4297 932 4380 Regia,
958 4294 1061 4383 ipsius
1087 4298 1224 4366 Comitis

107 4408 198 4473 Petri
214 4405 368 4488 seruioijs
384 4404 616 4488 consideratis,
644 4411 778 4490 optenta
788 4454 797 4489 ,
815 4424 885 4473 cum
902 4403 1074 4491 priuilegio
1101 4405 1224 4472 domini

108 4514 280 4599 ladislai,
297 4516 359 4581 Dei
375 4514 488 4600 gracia
514 4513 653 4581 Illustris
679 4513 780 4597 Regis
805 4514 993 4599 Hungarie‚
1020 4514 1124 4581 eciam
1149 4515 1223 4583 reli·

109 4625 243 4708 quisse,
261 4625 347 4708 qnod
373 4624 505 4707 quidem
528 4623 735 4708 priuilegium
760 4642 820 4691 nos
837 4624 902 4690 lide
918 4622 1059 4693 vidimus
1084 4626 1222 4707 oculata,

82 4757 85 4764 ·
110 4736 191 4822 ipsis
208 4733 331 4801 (lomiti
347 4734 455 4817 Bytcr,
473 4733 629 4817 magistro
645 4735 831 4818 Demetrio,
855 4752 895 4801 ac
910 4734 1047 4820 Mykcni
1063 4741 1221 4799 eteorum
