3214 5238
859 290 1013 392 220„

370 483 529 570 Gregorio
546 485 706 574 (lentore,
723 485 901 555 Vinoenoio
922 487 1067 556 Oustode
1076 539 1086 574 ,
1112 488 1264 556 Johanne
1278 489 1417 556 Deoano
1433 487 1488 553 llo-

369 593 471 662 olesie
486 599 596 663 nostre
613 595 838 666 existentibus.

598 753 737 828 moueret
750 755 1006 816 sermesheim.
1019 777 1054 814 m.
1068 757 1089 816 n
1103 757 1132 814 a
1145 757 1207 816 sao.
1229 757 1260 830 t)

1021 1037 1025 1046 ι

797 1058 1068 1072 *-

368 1785 516 1870 Stirpem
527 1780 763 1870 jo'vedelmelro't
779 1779 1490 1868 epyealdrdsareosztatikafelekloo'at.1300.
1592 1745 1593 1826 ἶ

474 1981 544 2046 Noe
561 1975 745 2065 Capitulum
763 1977 913 2045 Eoelesie
931 1979 1144 2047 Posoniensis
1165 1982 1320 2049 memorie
1332 2002 1490 2049 eommon·

368 2091 488 2158 dantes
505 2087 732 2173 significamus
748 2085 934 2171 uniuersis,
961 2087 1050 2171 quod
1075 2088 1261 2156 constitutis
1277 2092 1492 2174 personaliter

369 2219 480 2266 eoram
495 2197 590 2266 nobis
606 2194 800 2262 Alexandro
817 2192 885 2260 lilio
902 2193 1063 2280 Stephani
1079 2194 1120 2260 de
1132 2195 1241 2263 Reohe
1252 2217 1309 2284 pro
1326 2218 1364 2263 se
1386 2204 1419 2264 et
1434 2219 1492 2282 pro

368 2310 468 2376 Petro
495 2303 596 2370 fratre
614 2323 694 2384 suo,
721 2302 858 2369 Androa
875 2309 908 2367 et
933 2301 1084 2371 Johanne
1108 2301 1186 2387 tilijs
1203 2304 1334 2370 Nioolai
1360 2307 1404 2372 ab
1431 2327 1493 2374 vna

368 2420 462 2500 parte
472 2466 481 2498 ,
508 2411 658 2478 Johanne
674 2409 740 2475 filio
757 2409 920 2478 Johannis
937 2415 971 2477 et
985 2410 1118 2477 Matheo
1135 2411 1242 2477 fratre
1258 2432 1340 2499 suo,
1365 2414 1492 2482 Thomu
1594 2433 1595 2436 ¹

370 2529 402 2592 et
418 2520 588 2587 Dominieo
614 2519 693 2603 filijs
720 2517 872 2604 magistri
899 2519 987 2584 Petri
1011 2520 1054 2584 ab
1081 2517 1210 2604 altera,
1236 2525 1310 2588 sunt
1336 2523 1491 2608 confessi,
1594 2601 1595 2608 ἵ

369 2627 551 2714 quodlicet
576 2633 667 2694 mota
684 2627 782 2695 tuerit
808 2626 947 2694 materia
964 2627 1146 2711 questionis
1172 2628 1256 2694 inter
1275 2628 1368 2714 ipsos
1396 2650 1493 2717 super

368 2735 578 2823 possessione
594 2737 759 2822 Symperg
773 2740 902 2817 uocata,
914 2741 947 2802 et
962 2736 1018 2802 diu
1027 2734 1143 2803 ordine
1152 2733 1327 2804 iudiciario
1339 2741 1490 2805 altercati

368 2846 519 2928 fuissent,
535 2847 580 2912 ad
596 2846 743 2912 ultimum
760 2851 873 2910 tamen
885 2844 1109 2926 mediantibus
1123 2847 1233 2930 probis
1250 2847 1350 2930 viris;
1368 2848 1493 2916 scilieet

369 2953 495 3020 Comite
511 2954 609 3019 Petro
625 2955 746 3036 Magno
764 2959 796 3016 et
814 2951 942 3018 Gemite
958 2951 1085 3018 Jaoebo
1105 2951 1184 3038 filijs
1199 2953 1364 3019 Johannis
1382 2955 1425 3022 de
1440 2958 1493 3024 Ja-

368 3062 447 3139 nuk,
465 3059 590 3129 Oomite
605 3058 764 3126 Ladizlao
782 3065 815 3124 et
831 3059 992 3145 Magistro
1008 3056 1157 3142 Jaeobo,
1183 3059 1263 3143 filijs
1281 3061 1448 3146 Stephani
1463 3068 1494 3131 in

369 3172 467 3236 talem
485 3169 579 3254 paois
597 3168 809 3236 oonoordiam
826 3168 1038 3235 deuenissent
1048 3217 1057 3250 ‚
1085 3170 1173 3250 quod
1189 3168 1222 3232 in
1249 3170 1407 3237 omnibus
1423 3194 1494 3260 pro·
1595 3237 1596 3240 ,

370 3278 524 3346 uentibus
541 3284 574 3344 et
599 3276 796 3344 utilitatibus
822 3277 927 3360 ipsius
944 3275 1164 3359 possessionis
1181 3278 1366 3365 Symperg,
1394 3300 1494 3363 quan·

369 3392 437 3452 tum
453 3385 643 3454 Alexander
661 3390 692 3452 et
708 3385 860 3453 Andreas
878 3385 1060 3469 supradicti
1078 3404 1149 3451 oum
1167 3386 1329 3454 fratribus
1350 3388 1422 3456 suis
1438 3392 1495 3457 ha·
1595 3383 1596 3402 ¹

368 3497 448 3562 bere
463 3494 686 3576 dinoscuntur,
704 3500 762 3559 aut
778 3491 962 3577 possidere,
978 3497 1068 3562 reete
1085 3498 1216 3560 tantum
1228 3494 1404 3564 Johannes
1423 3520 1494 3566 oum

368 3603 470 3671 fratre
486 3623 545 3670 suo
562 3602 691 3670 Thema
708 3601 858 3670 similiter
876 3623 949 3668 oum
973 3601 1075 3669 fratre
1091 3620 1152 3668 suo
1169 3599 1289 3669 debent
1309 3605 1493 3692 percipere,

368 3709 540 3798 possidere
556 3709 696 3794 paoifiee
713 3709 904 3793 othehem,
930 3711 1117 3796 obligantes
1134 3727 1184 3796 se,
1202 3711 1294 3792 quod
1310 3715 1495 3796 quicunque
1595 3727 1596 3774 t

368 3840 410 3888 ex
434 3818 517 3905 ipsis
545 3837 702 3904 processu
730 3824 914 3903 temporum
947 3835 1049 3902 super
1076 3817 1249 3902 sepedicta
1281 3821 1495 3904 possessione

367 3931 533 4015 Symperg
550 3927 652 3994 uellet
677 3925 853 3994 materiam
878 3925 1062 4010 questionis
1079 3926 1237 4009 incitare,
1264 3932 1344 3993 ante
1364 3927 1434 3993 litis
1450 3930 1493 3995 in-

366 4054 516 4119 gressum
532 4033 633 4102 debet
658 4033 773 4119 iudieij
791 4036 921 4118 soluere
946 4033 1061 4100 deoem
1077 4052 1217 4100 mareas.
1243 4031 1368 4100 Datum
1382 4034 1492 4104 Domi·

367 4145 441 4210 nioo
457 4141 512 4208 die
529 4141 679 4225 proximo
695 4129 773 4230 post
798 4142 919 4209 festum
936 4141 1089 4210 Omnium
1105 4141 1301 4209 Sanctorum
1321 4163 1412 4209 anno
1430 4142 1489 4211 Do·

367 4251 448 4318 mini
464 4249 515 4314 ll⁰
532 4247 640 4318 000⁰.

370 4423 505 4496 (Hdrtya.
521 4425 700 4484 Kuloldaltn
713 4445 731 4483 a
743 4423 941 4497 peosdtnyom.
959 4425 1249 4499 Pozsonykaptalani
1264 4427 1405 4502 orszdgos
1420 4426 1489 4486 level

610 4515 664 4574 tar.
678 4517 776 4591 (lapsa
790 4515 854 4572 VH.
866 4515 951 4572 Fase.
966 4517 992 4572 1.
1006 4516 1075 4575 Nro.
1088 4519 1115 4573 3.
1129 4518 1249 4588 Kaous.)

801 4705 1050 4728 -·-········'
