3262 5242
628 310 783 414 ...Q

141 513 292 580 omnihus
304 509 501 578 utilitatibus
514 508 584 576 suis
602 514 634 576 et
645 509 859 597 pertinencijs
875 509 1035 576 uniuersis
1047 510 1108 578 suh
1122 507 1261 576 hiisdem

140 623 239 690 metis
257 627 289 689 et
305 618 465 700 terminis,
482 620 542 688 sub
555 619 674 703 quibus
692 639 749 703 per
761 619 892 686 eosdem
909 620 1056 703 hospites
1069 617 1158 684 dicta
1173 621 1261 682 terra

141 731 285 798 limitata
302 731 409 796 luerat
424 749 485 796 seu
500 748 673 815 possessa,
691 733 725 795 et
740 733 775 794 ut
791 727 904 815 populi
920 726 1018 793 liberi
1033 725 1100 792 sint
1116 726 1159 792 ab
1175 728 1260 792 omni

141 843 265 908 honere
292 840 473 925 castrensi,
500 839 544 907 ad
569 841 674 925 ipsam
701 843 822 904 terram
849 836 960 903 venire
986 837 1136 904 volentes
1161 854 1261 902 causa

142 947 383 1028 commorandi,
410 946 523 1014 habito
551 946 688 1014 oonsilio
714 945 854 1013 omnium
881 945 1044 1012 Baronum
1070 949 1262 1026 nostrorum,

142 1061 197 1143 qui
214 1064 383 1142 presentes
395 1057 543 1139 aderant,
560 1055 709 1140 predicto
727 1053 843 1150 domiti
855 1052 1044 1142 Gyarmano
1062 1059 1095 1120 et
1110 1071 1168 1140 per
1185 1072 1260 1120 eum

140 1167 211 1233 suis
228 1165 404 1234 heredibus
430 1163 649 1247 heredumque
675 1183 805 1230 suorum
830 1162 1074 1232 successorihus
1100 1162 1259 1244 dedimus,

141 1275 341 1344 donabimus
366 1283 399 1342 et
425 1273 617 1340 contulimus
643 1272 715 1338 iure
750 1278 909 1358 perpetuo
936 1279 969 1338 et
999 1271 1261 1339 irreuocabiliter

140 1385 377 1471 possidendam
395 1389 427 1448 et
451 1384 646 1451 hahendam.
667 1383 706 1447 In
724 1381 816 1450 cuius
832 1381 880 1448 rei
905 1379 1094 1450 memoriam
1114 1387 1262 1466 perpetu·
1308 1381 1310 1386 ’

139 1514 259 1578 amque
276 1493 463 1560 firmitatem
479 1501 648 1578 presentes
660 1491 881 1558 concessimus
898 1492 1022 1558 litteras
1039 1489 1202 1574 dupplicis
1219 1488 1261 1558 si-

139 1603 214 1684 gilli
240 1602 342 1669 nostri
368 1603 543 1668 munimine
559 1602 742 1668 roboratas.
762 1597 882 1666 Datum
904 1617 961 1686 per
986 1619 1103 1667 manus
1127 1615 1262 1664 venera-

139 1711 220 1777 hilis
238 1711 299 1776 viri
315 1709 465 1794 magistri
482 1709 647 1777 Theodori
663 1709 819 1777 Albensis
837 1709 985 1776 Ecclesia
1001 1704 1163 1792 Prepesiti
1188 1707 1263 1771 aule

138 1826 252 1886 nostre
267 1819 562 1902 llice-Cancellarij
581 1818 693 1885 dilecti
711 1825 744 1886 et
759 1817 868 1894 fidelis
886 1818 1008 1901 nostri,
1027 1836 1113 1884 anno
1130 1811 1263 1882 Domini

138 1926 316 1994 millesimo
328 1925 549 1994 ducentesimo
566 1927 782 2008 nonagesimo
795 1925 911 2012 primo,
927 1927 1032 2007 Regni
1043 1932 1151 1992 autem
1161 1922 1263 1989 nostri

139 2057 231 2102 anno
247 2034 363 2120 primo.
390 2036 642 2102 Venerabilihns
658 2037 806 2122 patribus
826 2034 1020 2103 Lodomerio
1038 2031 1264 2118 strigoniensi,

138 2145 294 2212 Johanne
310 2144 483 2214 Oolocensi
509 2153 541 2212 et
558 2145 710 2212 Johanne
727 2143 919 2230 Spalatensi
935 2145 998 2210 Dei
1021 2143 1136 2226 gracia
1151 2139 1264 2209 Archi·

139 2255 317 2340 episcopis,
334 2255 430 2320 Petro
440 2252 671 2336 Transiluano,
686 2251 818 2319 Andrea
834 2252 998 2336 Agriensi,
1010 2250 1168 2336 Gregorio
1180 2247 1263 2315 Che·

140 2360 304 2444 nadiensi,
321 2361 456 2428 Andrea
471 2362 648 2446 quriensi,
666 2361 845 2427 Benedieto
862 2359 1084 2442 Waradiensi,
1104 2357 1265 2425 Ladizlao

137 2469 350 2553 Wachiensi,
368 2471 550 2538 Benedicto
567 2468 836 2556 Wesprimiensi,
864 2469 1014 2535 Johanne
1036 2467 1263 2551 Zagrahiensi,

139 2578 256 2642 Ponha
273 2577 473 2662 Syrmiensi,
500 2587 532 2644 et
553 2581 660 2646 Pasca
686 2578 847 2645 Nitriensi
874 2577 1068 2663 Episcopis,
1095 2575 1264 2643 Ecclesiae

138 2685 206 2752 Dei
222 2684 361 2751 feliciter
377 2687 645 2769 gubernantibus.
662 2685 815 2753 Johanne
831 2686 989 2770 Magistro
1006 2684 1264 2750 Tauarnicorum

121 2789 124 2794 ’
140 2800 325 2860 nostrorum
345 2803 377 2861 et
395 2797 522 2864 Gemite
534 2795 761 2881 supruniensi,
777 2795 915 2860 Nicolao
928 2793 1079 2860 Palatino
1097 2800 1129 2858 et
1140 2791 1265 2859 Comite

140 2902 367 2990 Symigiensi,
384 2903 526 2972 Henrico
543 2907 635 2971 Bono
652 2907 756 2972 tocius
774 2903 959 2980 Solanonia
977 2902 1127 2969 Rolando
1144 2901 1270 2992 Woya-¹

141 3008 233 3078 noda
245 3011 477 3098 Transylnano
494 3020 525 3078 et
543 3012 665 3078 Gemite
677 3012 718 3077 de
734 3012 860 3094 Zonuk,
875 3013 997 3098 Mykou
1008 3011 1165 3093 Magistro
1181 3012 1266 3095 Aga·

138 3138 257 3184 sonum
273 3125 466 3187 nostrorum.
483 3121 640 3189 Ladiclao
657 3121 723 3187 tilio
735 3122 894 3208 Stephani
911 3120 1071 3205 Magistro
1088 3121 1265 3204 Dapifero-

139 3248 212 3292 rum
238 3235 437 3313 nostrorum,
471 3229 595 3299 Jacoho
620 3231 781 3323 Magistro
808 3232 1043 3297 Pincernarum
1068 3235 1263 3312 nostrorum,

142 3336 305 3420 Gregorio
323 3338 415 3404 Bano
431 3338 556 3407 Gomite
582 3342 761 3423 Nitriensi‚
789 3349 820 3405 ot
839 3341 916 3425 alijs
933 3359 1029 3422 quam
1055 3339 1203 3423 pluribus
1219 3346 1264 3406 te·

142 3443 300 3510 nentibus
318 3446 497 3513 Comitatus
512 3449 619 3532 Regni
637 3454 668 3513 et
684 3447 837 3515 honores.

565 3663 619 3732 (Aa
634 3664 743 3720 eredeti
759 3660 851 3733 utcu.)
