3262 5242
394 1231 458 1294 rrr.
484 1231 592 1295 nera
608 1199 714 1317 aaran
740 1233 913 1318 myaces
930 1233 975 1295 rr.
994 1229 1162 1294 enarrata
1182 1222 1522 1307 racc-sesamam,

468 1337 610 1425 melylyel
628 1340 745 1404 ltvatd
759 1343 839 1405 acori
853 1343 930 1405 citez
939 1341 1020 1426 jaloe
1037 1341 1120 1404 terta
1128 1338 1332 1423 jatalmazta.
1350 1333 1449 1395 1291.

497 1570 649 1638 Andreas
666 1568 728 1635 Dei
745 1571 858 1654 gracia
871 1571 1021 1655 Vngarie,
1039 1567 1221 1653 Dalmacic,
1240 1565 1393 1646 Oroaoie,
1407 1566 1519 1647 Ramc,
1626 1644 1627 1651 ἵ

391 1679 515 1762 Seruio,
529 1680 679 1758 (talliae,
693 1680 894 1765 Lodomcrie‚
908 1682 1074 1761 Comanie,
1085 1678 1317 1764 Bwlgariequc
1328 1673 1403 1758 Rex*
1419 1673 1521 1737 omni-

391 1788 453 1855 bns
472 1785 593 1854 Christi
613 1785 762 1854 fidelibus
778 1795 962 1870 presentem
987 1789 1141 1873 paginam
1160 1783 1360 1872 inspecturis
1379 1783 1521 1847 salutem

390 1897 424 1961 in
440 1895 558 1962 salotis
587 1895 752 1978 largitore.
770 1895 823 1962 Ad
840 1897 1062 1962 vniuersorom
1089 1902 1153 1960 tam
1181 1891 1394 1979 presencium
1423 1910 1522 1972 quam

392 2003 569 2070 futurorum
585 2003 742 2069 noticiam
760 2002 872 2069 harum
890 2003 975 2071 serie
991 2004 1140 2070 volumus
1157 2002 1342 2088 peruenire,
1358 1996 1449 2082 qnod
1466 1996 1524 2060 Ni-

392 2111 504 2178 colans
521 2118 554 2177 et
572 2111 740 2179 lohannes
757 2111 816 2177 filii
833 2113 971 2180 alterius
991 2111 1125 2179 Nicolai
1142 2110 1220 2176 olim
1235 2111 1350 2175 Barna
1360 2157 1369 2191 ,
1391 2105 1524 2172 nobiles

392 2218 432 2283 de
450 2219 615 2286 Comitatn
632 2219 842 2286 Gomuriensi
858 2222 900 2287 ad
917 2227 1062 2288 nostram
1084 2220 1283 2286 aecedentes
1309 2215 1524 2303 presenciam

396 2326 613 2394 exhibuerunt
637 2329 734 2394 nobis
752 2327 977 2415 priuilegiales
997 2329 1125 2394 litteras
1142 2326 1266 2391 domini
1286 2325 1367 2391 olim
1392 2323 1525 2390 Andree

392 2435 493 2519 Regis
519 2435 573 2502 aui
591 2437 694 2503 nostri
720 2435 904 2505 charissimi
929 2456 1026 2522 super
1046 2436 1231 2502 collacione
1249 2437 1339 2501 t'erre
1366 2429 1527 2518 Ezyrend

393 2543 472 2608 olim
483 2544 686 2610 antecessori
702 2563 811 2611 eorum
827 2544 1012 2632 Thywaldo
1024 2565 1111 2611 anno
1122 2545 1173 2608 Μ0
1184 2543 1413 2609 ducentesimo
1425 2557 1528 2622 supra

393 2651 585 2735 vigesimum
614 2658 709 2719 sexto
726 2654 904 2736 confectas,
921 2659 1073 2737 petentes
1099 2652 1234 2718 anobis
1252 2669 1327 2717 cnm
1345 2647 1528 2724 instancia,

393 2768 428 2824 vt
444 2760 535 2844 ipsas
552 2761 778 2843 priuilegiales
795 2759 921 2826 litteras
948 2770 1038 2826 ratas
1065 2761 1189 2826 habere
1206 2767 1241 2826 et
1258 2766 1374 2824 nostro
1394 2775 1528 2840 quoque

394 2867 567 2950 priuilegio
585 2866 625 2932 de
641 2868 850 2950 benignitate
858 2867 965 2954 Regia
980 2869 1189 2951 dignaremur
1200 2867 1410 2933 confirmare.
1424 2865 1529 2932 euius

394 2975 526 3057 quidem
544 2975 709 3060 priuilegii
727 2981 821 3042 tenor
838 2977 915 3042 talis
933 2984 1008 3042 est:

502 3100 652 3166 Andreas
668 3104 731 3170 Dei
754 3101 867 3188 gracia
892 3101 1000 3188 Hung.
1019 3107 1081 3171 stb.
1098 3106 1170 3169 Rex
1187 3102 1251 3170 stb.
1280 3107 1475 3180 (kovetkezit
1491 3109 1528 3160 11.

393 3215 489 3270 Endre
504 3214 597 3287 kirtly
618 3217 746 3271 rato-ki
771 3215 928 3286 okmanya,
945 3218 1050 3287 melyet
1065 3215 1303 3288 Okmanytr'crunk
1320 3215 1343 3267 Ι.
1369 3214 1530 3269 kiiteteben

396 3322 469 3375 217.
486 3321 528 3375 sk.
546 3322 575 3376 ll.
593 3321 769 3394 kitziiltiink.)

502 3439 571 3508 Nos
587 3444 698 3525 itaque
714 3442 961 3510 considerantes
980 3444 1160 3511 fidelitates
1178 3449 1212 3510 et
1229 3443 1376 3514 seruicia
1394 3459 1531 3526 preser-

395 3548 453 3612 tim
471 3547 551 3612 dioti
567 3549 697 3616 Nicolai
713 3549 881 3616 vduornici
901 3553 1004 3617 nostri
1021 3552 1102 3618 dicti
1118 3556 1242 3635 Barna,
1261 3571 1302 3618 ac
1320 3549 1441 3615 fratris
1460 3549 1531 3613 eius

395 3653 570 3736 iohannis,
589 3675 652 3737 qne
668 3656 702 3720 in
719 3655 982 3738 expedicionibus
1000 3657 1140 3726 diuersis
1156 3660 1264 3744 Regni
1282 3659 1394 3724 nostri
1412 3655 1530 3724 landa·

395 3762 508 3828 biliter
523 3760 747 3848 impedernnt‚
774 3769 806 3827 et
832 3772 927 3848 prout
952 3767 1046 3832 nobis
1062 3766 1201 3833 relatum
1219 3773 1280 3850 est,
1298 3764 1333 3830 in
1351 3772 1530 3852 posterum

396 3889 524 3952 quoque
540 3869 730 3954 impendere
746 3871 997 3954 appromittnnt3
1023 3875 1300 3957 attendentesque
1324 3874 1422 3957 ipsas
1440 3875 1532 3940 litte-

398 3992 459 4044 ras
471 3976 699 4061 priuilegiales
716 3977 838 4042 domini
848 3979 946 4061 Regis
963 3980 1094 4047 Andree
1104 4002 1170 4049 non
1188 3983 1345 4064 abrasas,
1364 4003 1435 4049 non
1454 4003 1532 4048 can·

397 4085 548 4164 collatas,
566 4086 673 4148 necin
692 4084 804 4167 aliqua
830 4085 880 4150 sui
896 4094 990 4171 parte
1007 4087 1158 4174 amictas,
1184 4098 1333 4156 tenorem
1353 4109 1474 4156 earum
1491 4091 1532 4154 de

398 4192 501 4258 verbo
521 4190 564 4257 ad
590 4192 725 4258 verbum
749 4195 954 4277 presentibus
979 4196 1138 4262 inscrtum
1165 4205 1272 4264 ratum
1300 4200 1473 4266 habentes
1501 4205 1533 4264 et

399 4307 572 4384 acceptum
591 4302 786 4368 auctoritate
811 4304 1011 4387 presencium
1037 4307 1270 4374 confirmamus
1282 4358 1291 4391 7
1319 4308 1470 4393 duplicis
1488 4312 1532 4373 si-

399 4405 473 4488 gilli
489 4406 593 4470 nostri
609 4407 782 4474 munimine
808 4407 1000 4475 roborendo.
1026 4408 1147 4476 Datum
1173 4433 1232 4498 per
1251 4433 1370 4480 manus
1389 4415 1531 4482 discreti

399 4513 461 4581 viri
477 4510 627 4594 magistri
642 4511 807 4580 Theodori
832 4515 983 4580 Albensis
1001 4516 1152 4585 Ecclesie
1169 4521 1336 4606 Prepositi
1365 4523 1447 4587 aule
1475 4543 1530 4588 no-

399 4625 465 4686 stre
490 4615 795 4703 vicecancellarii,
823 4619 937 4687 dilecti
954 4626 986 4687 et
1001 4620 1108 4692 fidelis
1132 4629 1244 4708 nostri,
1273 4649 1364 4694 anno
1392 4631 1531 4699 Domini
