3188 5238
599 1071 658 1138 td.

64 1309 127 1376 ΙΙΙ.
160 1305 271 1372 Endrc
295 1305 401 1392 cisely
426 1328 447 1370 c
470 1304 666 1394 maytclontil
697 1304 792 1372 elicit
828 1306 920 1372 Verea
945 1306 1088 1374 Getico
1125 1309 1187 1374 Vas

63 1416 290 1502 odrmeqydbee
298 1412 400 1500 fckvd'
423 1413 509 1480 Gerre
524 1417 605 1480 nesii
621 1413 740 1499 sdlddt,
756 1415 923 1498 Hectora,
940 1415 1055 1482 Jonas·
1074 1419 1106 1484 ds
1121 1418 1187 1484 Ro-

64 1525 195 1611 bionak,
225 1522 473 1606 Vitciisfiuicck
488 1521 737 1609 odomctnyeaac,
762 1523 894 1590 tekintce
919 1521 1085 1588 betoaenea
1103 1525 1185 1595 Her-

63 1633 144 1700 bord
159 1631 303 1698 eaJoaos
317 1629 362 1696 td
369 1629 575 1717 azolydlctcc'i,
591 1630 648 1698 kik
657 1653 696 1696 az
715 1628 823 1698 Altero
838 1630 992 1696 cesztricc'
1007 1631 1132 1719 horesco
1146 1634 1187 1698 et

64 1743 131 1808 leni
154 1739 336 1808 indevotae
362 1740 447 1806 Bere
470 1739 655 1808 ectr-ciccae
669 1738 783 1806 tesbon
806 1739 897 1806 cebet
921 1739 1037 1804 sedetet
1052 1741 1184 1826 baptolc.

578 1847 676 1914 1293.
763 1853 765 1861 ⁴

174 2083 325 2151 Andreas
335 2079 399 2149 Dei
408 2081 524 2168 gracia
532 2081 708 2167 chgarie,
719 2081 901 2166 Dalmacie,
912 2081 1061 2170 Oroacie,
1073 2085 1186 2170 Reme,

62 2194 193 2278 Seruie,
204 2191 357 2274 Gallinic,
369 2191 572 2276 Lodcmerie
584 2188 752 2272 Cumanie,
765 2190 986 2276 Belgaricquc
996 2191 1067 2260 Rex
1083 2193 1185 2262 omni·

63 2305 126 2371 bns
144 2301 270 2369 Ghristi
294 2299 443 2367 fidelibus
469 2297 758 2384 tumpresentibus
785 2317 882 2382 quam
908 2299 1026 2369 futuris
1050 2320 1186 2387 presens

64 2411 227 2496 scriptum
253 2407 447 2494 inspecturis
473 2407 615 2474 salutem
630 2406 664 2474 in
683 2404 822 2474 Domino
839 2410 1085 2493 sempiternam.
1106 2412 1186 2480 (tum

62 2517 277 2586 benemeritis
293 2516 388 2584 fauor
413 2515 543 2582 debitur
560 2513 777 2600 impenditur,
804 2520 836 2583 et
851 2516 992 2586 fideliter
1008 2519 1187 2604 obsequen·

62 2631 152 2698 tibus
169 2645 295 2695 merces
311 2625 477 2712 condigna
487 2625 645 2703 redditur,
657 2624 747 2694 Deus
758 2626 887 2710 placari
898 2626 1052 2711 ereditur,
1070 2630 1188 2698 etsub

63 2737 125 2803 diti
139 2737 185 2804 ad
200 2734 368 2804 fidelitatis
384 2734 494 2803 studia
506 2734 691 2803 exercenda
707 2741 936 2819 prcuoecutur,
952 2736 1187 2806 accenduntur·

63 2863 128 2926 que
145 2861 205 2929 spe
222 2849 254 2909 et
263 2841 428 2910 desiderio
440 2841 667 2925 consequendo
688 2839 918 2910 retribucionis
934 2843 1113 2912 consimilis
1133 2848 1188 2914 uel

65 2948 204 3038 ecia(m)
220 2951 401 3037 amplioris.
417 2949 559 3018 Proinde
571 2949 613 3016 ud
623 2948 847 3018 vniuerscrum
862 2950 1019 3018 noticiam
1034 2957 1101 3018 tam
1113 2971 1184 3036 pre·

64 3061 214 3131 sencinm
229 3099 231 3106 ·
244 3079 341 3142 quam
366 3061 541 3127 futurorum
567 3058 682 3126 harum
715 3058 800 3126 serie
824 3060 972 3126 uolumus
998 3061 1182 3148 peruenire,

64 3171 153 3254 quod
163 3167 363 3254 Herbordus,
374 3169 542 3236 iohannes
553 3168 753 3254 etRubynus
763 3164 822 3251 diij
833 3167 975 3254 Wytaliu
985 3167 1029 3234 ad
1039 3175 1187 3240 nostram

66 3278 267 3346 accedentes
284 3276 500 3362 presenciam,
515 3275 679 3357 quandam
689 3281 810 3342 terrum
822 3276 982 3346 Gotbardi
998 3277 1069 3344 Rufi
1087 3274 1185 3364 (sine)

64 3386 187 3454 herede
203 3384 401 3469 decedentis,
417 3391 452 3450 ut
466 3382 625 3466 dixerunt,
637 3383 724 3450 Genu
740 3393 888 3452 uocatum
899 3384 931 3450 in
942 3385 1105 3454 comitatu
1123 3388 1185 3456 Oa·

67 3496 129 3564 stri
146 3493 259 3560 Ferrei
275 3493 510 3560 existentem
535 3491 630 3558 nobis
653 3493 839 3576 petiucrunt
865 3493 929 3560 sibi
955 3495 1037 3562 dari.
1065 3497 1183 3564 Verum

65 3605 145 3691 quia
157 3601 199 3668 dc
213 3601 315 3686 ipsius
325 3606 409 3668 terre
419 3601 590 3686 qualitate,
607 3601 800 3685 quantitate,
816 3607 849 3672 et
865 3607 972 3670 utrum
983 3604 1027 3673 sit
1044 3603 1185 3672 bominis

66 3715 139 3782 sine
158 3710 280 3776 herede
295 3709 506 3795 decedentis,
521 3729 583 3778 nee
598 3728 649 3794 nc,
665 3707 761 3778 nobis
776 3709 900 3778 ueritas
917 3731 982 3780 non
999 3712 1182 3797 constabat,

71 3819 225 3888 fidelibus
251 3818 370 3886 nostris
396 3818 550 3905 capitulo
576 3818 685 3888 castri
701 3816 815 3884 Fen-ei
838 3838 897 3904 per
912 3826 1041 3890 nostras
1060 3820 1187 3890 litteras

66 3929 220 3997 dedimus
237 3927 271 3995 in
287 3927 462 4010 mandatis,
481 3934 517 3994 ut
532 3926 631 4012 ijdem
647 3945 745 3994 unum
770 3947 812 3994 cx
829 3949 865 3996 se
881 3928 1045 3996 mitterent
1060 3949 1122 4012 pro
1138 3936 1185 3995 te·

70 4037 224 4105 stimonio
240 4034 446 4118 fidedigncm,
462 4054 571 4102 eoram
582 4056 644 4119 quo
654 4037 844 4106 Dominicus
860 4037 948 4104 tilius
958 4037 1074 4124 idguino
1090 4038 1185 4104 bomo

68 4153 183 4213 noster
200 4146 386 4212 conuocatis
412 4143 630 4214 conmetancis
642 4151 679 4210 'et
695 4145 812 4214 uicinis
838 4146 1063 4212 reambuicret
1081 4145 1187 4230 ipsam

69 4265 191 4324 terram
216 4261 250 4320 et
273 4259 434 4320 statueret
458 4251 627 4320 Herbcrdc
643 4260 676 4320 et
695 4253 850 4322 iratribus
867 4254 934 4320 suis
950 4252 1015 4320 iam
1032 4251 1140 4336 dictis,
1157 4254 1186 4322 si

68 4384 132 4431 non
145 4365 239 4430 deret
255 4361 502 4447 contradictum,
512 4360 770 4430 contradictores
787 4381 874 4446 coro,
892 4361 921 4426 si
937 4363 992 4444 qui
1002 4362 1127 4447 fierent,
1142 4361 1186 4430 ad

68 4479 213 4542 nostram
230 4473 346 4540 citaret
355 4472 569 4558 presenciam,
587 4471 631 4540 ad
642 4470 809 4539 terminum
821 4477 1063 4555 conpetentem.
1077 4472 1185 4538 Sciret

68 4582 171 4652 eciem
189 4581 277 4648 idem
292 4580 388 4648 homo
404 4584 524 4662 noster,
540 4585 645 4646 utrum
662 4577 747 4646 idem
773 4579 962 4648 diothardus
978 4580 1049 4647 siue
1066 4578 1186 4648 herede

67 4691 212 4760 decessit
227 4708 287 4760 nec
303 4707 355 4775 ne,
371 4694 403 4756 et
427 4692 502 4775 post
525 4687 586 4758 bec
610 4689 716 4758 tocius
732 4687 812 4758 sacti
827 4686 944 4758 seriem
959 4686 1053 4756 nobis
1067 4686 1183 4756 reseri-
