3166 5238
340 1219 409 1286 111.
425 1217 533 1284 mure
547 1217 655 1306 kirtly
679 1216 852 1302 bieooyttja
861 1269 871 1303 ,
897 1213 976 1303 kopp
992 1211 1073 1303 pods
1091 1215 1216 1281 Jasoki
1239 1215 1347 1281 Jakat
1366 1237 1388 1279 a
1400 1235 1464 1301 po·

343 1325 685 1414 senopiltdptolooook
701 1324 930 1410 odomdopozto
946 1319 1085 1388 cursuri
1101 1324 1346 1411 oeodjdsrdydt.
1363 1323 1463 1386 1296.

447 1523 599 1594 Andreas
616 1520 679 1590 Dei
691 1520 969 1606 greciaVngnrie,
981 1520 1166 1606 Duimeeie,
1184 1520 1330 1606 Oroecio,
1348 1522 1463 1603 Rome,

340 1629 464 1716 Seruio,
481 1630 636 1716 Gallicis,
651 1629 854 1714 Lodomerie,
880 1629 1048 1714 cumanis,
1068 1629 1289 1716 Bulgarieque
1305 1629 1377 1696 Rex
1393 1631 1465 1697 vni-

340 1741 445 1807 uersis
462 1740 581 1825 quibus
598 1747 768 1824 presentes
793 1738 1009 1805 ostendentur
1025 1737 1163 1804 salutem
1181 1738 1215 1804 in
1232 1738 1349 1805 solutis
1365 1735 1466 1820 largi·

341 1857 422 1916 tore.
440 1839 490 1913 u'd
509 1849 735 1916 uniuersorum
761 1846 914 1914 noticiam
940 1852 1056 1913 tencre
1081 1847 1288 1930 presencium
1313 1839 1465 1911 volumus

341 1953 523 2042 peruenire,
539 1955 627 2040 qnod
640 1957 757 2024 Comes
768 1953 923 2036 Jecobus,
941 1953 1028 2020 tilius
1045 1952 1208 2020 Johnnnis
1226 1951 1266 2017 de
1282 1952 1397 2020 Jnnuk
1413 1973 1467 2018 co·

344 2081 414 2126 rem
439 2061 532 2130 nobis
556 2061 776 2148 personaliter
802 2058 1006 2143 constitutus,
1032 2061 1194 2142 quondam
1221 2059 1468 2143 possessionem

342 2189 435 2238 suem
461 2168 647 2252 empticium
672 2166 821 2234 choudol
846 2173 999 2235 vocatum
1026 2167 1059 2232 in
1085 2166 1249 2234 Oomitotu
1270 2167 1468 2234 Posonicnsi

343 2279 548 2363 existentem,
566 2297 638 2344 curn
655 2277 803 2344 omnibus
820 2277 1014 2344 utilitatibus
1031 2282 1062 2340 et
1080 2278 1296 2370 pertiucnoijs
1310 2278 1380 2342 suis
1397 2279 1468 2343 uni-

342 2385 458 2473 uersis,
476 2387 631 2453 videlicet
647 2391 732 2451 turre
759 2405 857 2471 snper
883 2386 998 2454 eodem
1024 2392 1114 2452 terro
1139 2386 1308 2460 existente,
1334 2385 1468 2468 tenetis,

343 2494 448 2579 siluis,
463 2494 618 2580 pomerio,
634 2494 819 2578 piscaturis,
838 2512 878 2559 eo
894 2493 975 2560 iocis
987 2492 1256 2576 molendinorum,
1274 2489 1375 2575 dedit,
1393 2512 1468 2566 ‚con-

342 2601 428 2682 tulit,
446 2604 478 2665 et
493 2601 631 2668 donauit
647 2599 797 2685 Onpitulo
819 2600 969 2666 Ecclesie
980 2599 1097 2666 Sancti
1113 2598 1296 2666 Saluetoris
1311 2598 1351 2666 de
1368 2600 1468 2666 Poso-

343 2712 397 2776 nio
414 2716 573 2794 perpetuo
589 2707 833 2795 possidendam,
852 2709 913 2775 snb
930 2705 1124 2774 condicione
1140 2706 1277 2773 inferius
1295 2714 1467 2774 annotate.

343 2822 395 2886 Its
410 2817 583 2902 videlicet,
611 2818 698 2899 quod
724 2817 880 2900 quamdiu
906 2816 994 2882 idem
1020 2815 1139 2883 (tomus
1165 2817 1312 2884 ‚Iacobus
1338 2817 1468 2900 uixerit,

343 2927 576 2996 usumfructum
595 2928 742 3007 eiusdem
768 2925 990 3011 possessionis
1006 2925 1168 3012 percipiet
1187 2928 1287 3011 pleno
1304 2927 1393 3012 iure,
1408 2927 1469 2994 sed

343 3041 570 3122 postmortem
592 3035 661 3101 eius
677 3033 824 3120 predicto
849 3035 1041 3104 Poscnicnsi
1067 3036 1221 3121 Cepitulo
1239 3035 1371 3121 prefate
1394 3055 1473 3123 pos·

344 3143 449 3210 sessio
465 3140 614 3210 chaudut
627 3139 712 3228 (igy)
724 3149 843 3212 vocata
852 3144 1100 3230 perpetuabitur
1117 3144 1380 3214 irrcuooebiliter
1390 3141 1466 3230 pos·

344 3251 485 3318 sideuda
507 3250 567 3316 sub
583 3231 827 3319 condicionibus
848 3253 881 3316 in
897 3252 1013 3320 litteris
1030 3251 1193 3336 sepedicti
1209 3251 1352 3341 Ospituii
1369 3255 1469 3322 Poso-

345 3360 471 3428 niensis
495 3360 754 3444 comprehensis.
771 3361 810 3424 In
827 3362 917 3426 cuius
943 3363 991 3427 rei
1015 3362 1209 3428 memoriam
1225 3369 1259 3428 et
1276 3369 1470 3448 perpetuam

345 3466 531 3534 firmitatem
548 3474 717 3550 presentes
734 3471 957 3536 concessimus
981 3471 1111 3536 litteras
1129 3468 1271 3553 duplicis
1288 3471 1391 3554 sigilli
1415 3491 1471 3536 no·

345 3577 404 3641 stri
419 3574 594 3640 munimine
609 3576 790 3643 roboratas.
815 3577 937 3643 Datum
953 3597 1012 3662 per
1040 3597 1156 3644 manus
1184 3579 1383 3645 venerabilis
1407 3579 1471 3646 uiri

345 3680 467 3746 domini
483 3680 648 3766 Theodori
664 3682 727 3748 Dei
748 3686 861 3768 gracia
878 3684 1034 3768 Episcopi
1050 3684 1249 3769 Jauriensis,
1267 3687 1343 3753 aule
1360 3695 1471 3754 nostre

346 3789 649 3873 Vico-Osuoeliorij,
661 3790 773 3857 dilecti
789 3798 821 3856 et
836 3791 944 3858 fidelis
955 3797 1071 3877 nostri,
1088 3814 1175 3861 euno
1189 3793 1322 3862 Domini
1339 3797 1391 3864 Mt
1402 3794 1472 3865 00⁰

345 3899 557 3982 nonogesimo
575 3905 677 3982 sexto,
694 3898 797 3983 primo
814 3895 902 3984 (tgy)
923 3899 1002 3967 Idus
1020 3900 1155 3986 Aprilis.

338 4087 478 4162 diddrtyn.
490 4093 518 4145 A
530 4057 631 4162 peosdt
640 4092 793 4149 vdrdsudld
802 4093 935 4150 nsinoron
945 4092 1070 4168 fdggdtt.
1081 4095 1107 4152 A
1119 4095 1408 4168 pozsonykdptslsni
1417 4116 1477 4154 ms·

491 4177 724 4249 genlevettcrhol
736 4178 833 4254 Capsa
847 4181 878 4239 C.
892 4183 974 4242 Fuso.
990 4187 1032 4241 ll.
1046 4181 1114 4242 Nro.
1130 4187 1190 4244 120.
1201 4186 1317 4258 Korone)

781 4482 981 4498 ................,....,
1023 4487 1036 4502 ,,
1084 4485 1087 4492 .
