3262 5242
944 383 964 448 8

884 475 1034 483 d———-

398 578 525 647 nobiles
543 599 582 646 ao
598 579 681 648 alios
697 581 911 667 supradictos,
929 599 1027 664 super·
1042 600 1106 664 quo
1118 599 1172 647 eos
1188 581 1338 647 volumus
1356 600 1430 650 esse
1447 587 1508 651 sol·

400 689 509 757 licitos
525 694 558 755 et
574 694 735 772 attentos,
762 690 803 756 de
820 695 927 774 statu,
954 690 1193 757 conditionibus
1211 698 1242 756 et
1260 692 1510 758 circumstantiis

399 794 483 882 ipsis
509 795 679 864 certificati
705 798 838 865 tandem
853 797 980 884 plenius
1001 803 1032 864 et
1057 798 1225 882 instructi,
1251 799 1338 864 circa
1363 799 1510 882 Regnum

399 905 507 989 ipsum
523 911 557 970 et
573 911 692 974 statum
712 905 781 970 eius
797 909 961 992 possimus
975 905 1088 971 utilius
1109 911 1140 972 et
1150 904 1312 971 efficatius
1323 905 1365 972 ad
1381 906 1510 974 laudem

398 1011 511 1082 Divini
527 1013 668 1080 nominis
686 1019 719 1078 et
729 1011 870 1095 quietem
886 1016 1025 1082 fidelium
1044 1013 1224 1098 providere.
1234 1013 1303 1079 Nos
1319 1019 1429 1080 antem
1439 1035 1510 1099 pre·

399 1119 485 1189 fatos
501 1120 795 1207 Archiepiscopos,
821 1119 1022 1208 Episcopus,
1048 1128 1081 1187 et
1095 1121 1228 1188 Nobiles
1244 1141 1283 1190 ao
1299 1123 1382 1190 alios
1399 1141 1512 1207 supra-

399 1228 506 1295 dictos
522 1248 580 1313 per
596 1232 726 1294 nostras
744 1228 869 1298 litteras
886 1248 1051 1298 monemus
1068 1235 1100 1294 et
1115 1229 1278 1295 hortamur
1294 1235 1442 1319 attente,
1466 1233 1512 1298 ni·

398 1333 592 1402 chilominus
609 1337 657 1402 eis
673 1355 733 1419 per
743 1338 932 1422 Apostolioa
948 1337 1071 1423 scripta
1080 1337 1283 1420 mandantes,
1300 1349 1335 1407 ut
1350 1341 1410 1406 tibi
1427 1343 1512 1409 eirca

398 1443 562 1528 premissa
578 1444 746 1525 oportunis
773 1446 920 1515 consiliis
945 1452 977 1513 et
993 1445 1125 1515 auxiliis
1141 1443 1353 1534 assistentes,
1378 1453 1445 1519 tuis
1461 1473 1511 1522 sa-

396 1549 542 1617 lubribus
559 1553 724 1619 mandatis
751 1557 783 1619 et
799 1555 928 1622 monitis
945 1553 1120 1622 efficaciter
1144 1555 1312 1622 intendere
1337 1561 1510 1648 studeant;

397 1659 445 1725 ita
461 1658 549 1742 quod
563 1678 622 1743 per
638 1658 787 1727 effectum
798 1663 905 1746 operis
920 1669 1045 1748 pateat,
1064 1682 1121 1730 eos
1138 1661 1254 1731 bouum
1271 1677 1303 1735 et
1319 1687 1510 1756 prosperum

399 1767 537 1850 diligere
553 1772 676 1834 statum
693 1770 814 1854 Regni,
834 1778 865 1835 et
880 1772 1027 1858 ipsorum
1044 1772 1177 1840 devotio
1198 1771 1304 1858 possit
1320 1796 1385 1844 non
1400 1761 1510 1846 imme·

397 1876 460 1942 rito
477 1875 709 1941 commendari.
746 1877 908 1955 Quocirca
933 1879 1129 1946 fraternitati
1155 1887 1209 1946 tue
1239 1901 1297 1965 per
1321 1887 1512 1970 Apostolica

399 1981 525 2066 scripta
541 1981 754 2065 mandamus,
773 1993 935 2068 quatenus
953 1986 1042 2054 circa
1057 1987 1206 2075 predicta
1222 1990 1270 2056 sic
1289 1997 1321 2056 te
1338 1993 1512 2077 prudenter

399 2096 432 2156 et
447 2088 588 2156 sollicite
604 2110 721 2174 gerere
737 2094 882 2178 studeas,
902 2101 938 2160 ut
953 2097 1113 2179 premium
1130 2096 1249 2165 exinde
1264 2105 1476 2184 consequaris
1494 2127 1510 2171 a

398 2197 548 2279 Domino,
566 2201 600 2264 et
615 2218 636 2264 a
651 2199 746 2268 nobis
764 2200 864 2287 digne
890 2204 1182 2272 commendationis
1206 2188 1331 2276 titulum
1347 2215 1512 2281 merearis.

399 2305 518 2372 Datum
534 2306 623 2393 apud
649 2308 938 2376 Urbem-Veterem
956 2312 1030 2377 VII.
1047 2313 1125 2379 Idus
1142 2314 1342 2398 Septembris
1368 2315 1511 2402 (Pontifi-

399 2420 493 2482 oatus
509 2411 625 2498 nostri)
644 2433 730 2482 anno
746 2418 852 2484 tertio.
1050 2411 1054 2428 '

505 2555 543 2619 In
559 2575 589 2620 e.
605 2575 646 2621 m.
662 2558 906 2628 venerabilibus
925 2534 1079 2630 fratfibus
1105 2565 1268 2632 universis
1285 2569 1513 2656 Arobiepisco·

398 2662 460 2748 pis,
478 2661 671 2747 Episcopis,
699 2673 732 2732 et
758 2665 888 2735 dilectis
903 2668 983 2734 filiis
1001 2671 1142 2751 lllectis,
1173 2674 1353 2743 Abbatibus
1380 2689 1411 2744 et
1437 2681 1511 2750 aliis

398 2768 620 2835 Ecclesiarum
637 2771 778 2840 Prelatis
804 2793 862 2858 per
888 2776 1035 2859 Regnum
1050 2776 1195 2864 Ungarie
1219 2787 1414 2854 constitutis.
1428 2792 1512 2874 'Etsi

397 2877 548 2944 Romana
564 2878 715 2946 ldoolesia
734 2889 795 2948 eto.
812 2891 963 2967 utsupra
988 2905 1092 2970 usque
1108 2895 1141 2953 et
1157 2890 1363 2974 prudentiam
1380 2899 1511 2966 eircum-

398 2985 563 3070 speetam‚
582 2995 681 3071 prout
697 2991 792 3058 vobis
817 3013 881 3057 non
899 2993 1096 3061 arbitramur
1111 2997 1312 3082 incognitum
1329 3010 1391 3072 etc.
1408 3027 1511 3092 usque

398 3093 564 3160 iruotuosa
581 3116 588 3158 :
608 3115 742 3179 quorum
759 3097 890 3181 aliqua,
906 3108 1003 3184 prout
1020 3105 1140 3170 multos
1157 3125 1198 3172 ex
1213 3111 1328 3191 vobis,
1356 3119 1391 3178 ut
1408 3119 1510 3184 eredi-

398 3219 487 3284 mus,
507 3201 586 3268 facti
602 3202 769 3272 evidentia
794 3207 907 3274 docuit
924 3217 985 3276 etc.
1003 3229 1107 3293 usque
1134 3214 1314 3283 dinoscitur
1339 3230 1509 3309 oportuna,

398 3309 620 3375 venerabilem
637 3309 771 3379 fratrem
787 3320 934 3380 nostrum
949 3317 983 3382 Β.
1002 3319 1206 3403 Eugubinum
1223 3325 1440 3417 Episcopum,
1466 3336 1510 3400 vi-

397 3435 466 3481 rum
483 3415 592 3499 utique
608 3419 779 3502 providum
797 3427 831 3487 et
847 3421 1034 3510 discretum,
1053 3429 1227 3495 zelatorem
1244 3433 1380 3520 iustitie,
1398 3460 1439 3507 ac
1455 3463 1510 3510 no-

398 3523 450 3588 bis
467 3529 500 3588 et
515 3523 670 3592 fratribus
687 3527 809 3593 nostris
827 3534 887 3594 eto.
898 3530 1012 3598 verbis
1029 3541 1248 3619 competenter
1259 3548 1390 3612 mutatis
1407 3568 1508 3632 usque

399 3628 583 3717 providere.
608 3632 769 3710 Quocirca
793 3637 1038 3707 universitatem
1054 3653 1196 3712 vestram
1221 3669 1373 3735 rogamus
1391 3661 1424 3722 et
1439 3659 1508 3726 hor-

399 3744 505 3806 tamur
531 3745 673 3823 attente,
712 3743 939 3812 nichilominus
967 3751 1058 3816 vobis
1084 3773 1143 3836 per
1167 3757 1363 3840 Apostolica
1389 3767 1509 3852 scripta

399 3849 617 3932 mandantes,
642 3855 805 3931 quatenus
830 3857 958 3938 Legato
986 3861 1184 3930 assistentes
1202 3866 1308 3934 eidem
1336 3871 1424 3940 eirca
1440 3893 1509 3958 pre-

399 3955 500 4021 missa
515 3955 661 4024 consiliis
679 3965 711 4022 et
728 3961 859 4026 auxiliis
869 3969 1048 4048 oportunis,
1065 3971 1134 4036 eius
1147 3976 1278 4043 monitis
1295 3984 1328 4044 et
1344 3985 1509 4053 mandatis

401 4064 588 4132 salubribus
604 4063 782 4134 efficaciter
797 4069 994 4160 intendatis3
1018 4076 1065 4144 ita
1082 4081 1168 4162 quod
1185 4103 1244 4167 per
1267 4084 1417 4156 effectum
1435 4115 1508 4180 ope·

399 4171 445 4234 ris
459 4175 572 4254 pateat
587 4193 645 4240 uos
673 4175 793 4243 bonum
820 4187 852 4244 et
871 4201 1061 4267 prosperum
1085 4185 1224 4273 diligere
1250 4199 1367 4262 statum
1394 4200 1507 4286 Regni,

399 4283 572 4360 vestraque
588 4281 718 4350 deuotio
742 4288 849 4372 possit
874 4288 992 4358 exinde
1008 4314 1074 4360 non
1091 4296 1253 4366 immerito
1278 4311 1508 4379 commendari.

398 4386 517 4452 Datum
542 4389 626 4469 apud
651 4389 938 4464 Urbem-Veterem
955 4399 1006 4466 Vl.
1031 4401 1107 4470 Idus
1133 4407 1334 4491 Septembris
1348 4395 1508 4502 '(P0ntifi·

400 4501 492 4560 catus
507 4495 624 4582 nostri)
641 4519 727 4568 anno
745 4505 850 4572 tertio.

505 4621 541 4696 Iu
559 4642 586 4691 e.
598 4645 639 4694 m.
659 4628 785 4705 dilectis
800 4632 875 4704 filiis
892 4637 1056 4707 nobilibus
1071 4641 1148 4716 viris
1163 4646 1328 4736 Ducibus,
1345 4654 1509 4727 Marabiu-
