3166 5238
825 393 977 495 ‚NL

346 583 493 650 duximus
520 586 782 672 prorogandam,
811 595 897 654 statu
925 597 956 653 et
984 590 1086 656 forma
1112 591 1253 677 priorum
1279 591 1459 658 litterarum

345 699 564 776 permanente.
582 695 700 762 Datum
719 703 833 778 quarto
850 697 903 763 dio
919 699 1047 765 termini
1064 700 1238 784 prenotati.

416 855 527 922 Jeppaet.
541 853 724 926 Bt'r'rhartyan
737 855 798 912 kolt
810 856 873 913 arirt
885 855 969 924 level,
983 858 1114 928 melynek
1129 857 1231 916 hrlttra
1244 861 1393 914 saintaaon
1407 857 1460 913 ken

345 945 391 998 eat
401 939 471 998 lrta:
483 941 703 1016 ,Prorogstoria
714 947 866 1004 solucionis
877 965 926 1003 sex
936 965 1102 1017 marearum,
1112 967 1164 1020 pro
1172 949 1311 1005 Michaele
1322 953 1357 1006 de
1368 950 1460 1023 Eguk,

344 1037 444 1089 contra
456 1033 622 1092 Ladislaum
639 1035 727 1092 filium
740 1037 881 1094 Johannis
895 1035 944 1093 filii
958 1037 1119 1094 Ghubanlra
1130 1039 1167 1095 ad
1181 1039 1342 1112 quindenas
1355 1041 1459 1096 exerei-

343 1120 416 1179 tus.“
431 1123 528 1180 Keralr
541 1125 717 1197 peesetenak
740 1127 947 1200 maradvtnyai
961 1130 1123 1200 mutatjak,
1145 1129 1223 1202 hogy
1236 1147 1252 1185 e
1265 1129 1338 1187 level
1353 1148 1387 1185 aa
1401 1131 1461 1202 egri

343 1210 545 1284 kaptalanban
558 1214 628 1270 kalt.
648 1213 742 1272 Abridi
764 1217 930 1274 Domonkos
945 1217 1048 1274 tarnok
1071 1219 1216 1291 aTamay
1234 1219 1458 1293 nemaetsrlgbtll,

344 1299 374 1356 es
385 1300 499 1358 Marton
513 1304 716 1379 alorsaagbiro,
738 1309 808 1364 mint
821 1306 882 1364 mts
896 1308 1101 1366 oklevelekbo'l
1113 1310 1227 1381 tndjuk,
1242 1311 1458 1383 mintegy1296.

344 1390 431 1448 tiltek.
441 1393 531 1451 Innen
541 1413 574 1450 en
585 1395 700 1454 okleveil
713 1397 784 1455 kora
795 1399 819 1454 is
831 1399 1095 1471 moghatarozhato.
1105 1400 1231 1458 Masolta
1240 1400 1353 1458 Horvat
1364 1398 1456 1456 lstvan

344 1499 362 1537 a
375 1480 548 1540 saandavari
561 1483 658 1542 Srtter
670 1485 868 1546 leviltrirtbol.
883 1479 964 1560 Erdp.

865 2346 939 2414 lot.

342 2558 523 2646 Ha'aaaedpi
547 2558 694 2646 eljoppae‘a
720 2561 877 2649 Beatrioe,
901 2564 1032 2630 Mortall
1048 2566 1171 2654 Keiroly
1196 2570 1302 2634 azima.
1327 2589 1448 2655 rnoppar

438 2665 545 2753 tiraty
562 2666 684 2754 lodoyci,
702 2671 733 2733 aa
747 2671 849 2736 Jdnoa
863 2673 984 2736 nienaei
999 2673 1143 2760 danphin
1157 2674 1237 2738 aaa.
1262 2677 1358 2740 1296.

447 2885 485 2949 ln
509 2883 639 2952 nomine
668 2885 798 2952 Domini
823 2887 934 2954 Amen.
971 2891 1065 2956 Anno
1091 2891 1286 2960 Natiuitatis
1313 2893 1453 2962 eiusdem

340 2989 513 3060 millesimo
538 2991 761 3060 ducentesimo
787 2998 999 3082 nonagesimo
1025 3007 1138 3086 sexto,
1165 3001 1379 3070 Pontificatus
1404 3003 1455 3068 do·

339 3099 417 3167 mini
441 3099 603 3168 Bonifatii
628 3102 718 3189 Papa
745 3107 853 3171 ootavi
879 3125 967 3172 anno
991 3109 1136 3176 seeundo
1162 3131 1276 3179 mense
1302 3112 1456 3178 Matidia

339 3207 441 3276 XXV.
459 3208 605 3276 eiusdem
623 3211 682 3278 IX.
700 3213 903 3282 Indieeionis.
923 3213 1089 3284 Prooentis
1105 3217 1316 3286 instrumenti
1336 3221 1457 3305 publici

338 3317 423 3383 serie
437 3321 549 3382 notum
566 3317 609 3382 sit
624 3320 783 3402 omnibus,
802 3323 888 3402 quod
904 3322 938 3388 in
954 3326 1125 3408 presenoia
1145 3329 1221 3411 mei,
1238 3329 1328 3395 Petri
1343 3330 1458 3397 Grassi

339 3425 380 3491 (le
394 3423 554 3508 Neapoli,
579 3427 671 3509 liegii
689 3434 721 3494 et
745 3428 868 3513 publiei
884 3433 1076 3516 Apostolioa
1101 3437 1303 3506 authoritate
1318 3440 1458 3525 Notaui,

339 3551 400 3598 neo
415 3552 481 3598 non
506 3531 690 3601 Reverendi
714 3536 822 3618 patris
848 3536 969 3604 domini
985 3540 1128 3626 Philippi
1144 3542 1208 3610 Dei
1233 3548 1350 3632 grania
1375 3547 1458 3616 Noa·

337 3639 477 3722 politani
493 3639 742 3727 Arohiepiseopi
750 3692 759 3725 ,
785 3646 984 3713 venerabilis
1001 3649 1063 3715 viri
1079 3651 1203 3720 domini
1220 3654 1310 3721 Petri
1327 3656 1368 3722 de
1385 3655 1458 3723 Fer·

337 3747 441 3831 reriis,
458 3746 584 3814 Deoani
600 3749 794 3838 Anioiensis,
812 3753 918 3838 Regni
933 3754 1046 3824 Sicilie
1064 3757 1275 3846 cancellarii,
1286 3764 1460 3848 Regiorum

340 3853 609 3922 consiliariorum
625 3863 658 3923 at
672 3859 896 3944 familiarium,
923 3861 1045 3932 domini
1060 3867 1174 3934 Manui
1191 3875 1381 3958 presbyteri
1405 3876 1459 3943 Oa·

340 3961 448 4027 noniei
463 3963 691 4048 Neapolitani,
708 3968 845 4036 Leoneti
862 3970 904 4037 de
920 3971 1095 4057 (lampetio
1116 3983 1149 4042 et
1164 3979 1328 4048 Johannis
1345 3982 1459 4050 (iham-

339 4067 433 4135 bonis
449 4069 490 4136 de
506 4073 595 4140 Mala
610 4071 704 4141 Valle
721 4077 764 4143 ad
780 4077 843 4144 hoo
867 4080 1057 4164 spetialiter
1071 4093 1264 4156 vocatorum
1281 4097 1316 4156 et
1332 4097 1457 4179 rogato·

340 4190 410 4238 rum
425 4179 566 4244 testium.
583 4179 670 4246 Inter
680 4183 1002 4256 Excellentissimum
1014 4192 1201 4282 Principem
1216 4197 1387 4266 dominum
1397 4199 1457 4266 Ka·

339 4279 440 4382 nolum
466 4287 642 4354 seeundum
658 4291 721 4356 Dei
737 4296 851 4377 grania
875 4297 1084 4369 Hierusalem
1101 4310 1135 4368 et
1160 4305 1273 4374 Sicilie
1294 4305 1446 4396 (Regem)

342 4383 487 4459 lineatus
503 4396 619 4480 Apulis
635 4405 668 4463 et
684 4401 890 4488 Principatus
907 4408 1038 4494 Oapne,
1063 4411 1235 4482 Provinoie
1252 4423 1286 4484 et
1303 4357 1457 4503 norquals

342 4493 445 4568 querii
462 4494 639 4584 Comitem,
665 4522 723 4586 pro
741 4504 874 4574 domina
891 4514 1047 4584 Beatrioe
1068 4520 1195 4588 minore
1215 4527 1390 4609 septennio
1405 4546 1452 4592 ne·

342 4601 394 4678 pte
411 4618 471 4668 sua
483 4604 702 4692 primogenita
712 4660 721 4694 ,
747 4617 831 4683 bone
848 4623 1001 4688 memorie
1027 4625 1136 4695 Ineliti
1156 4633 1322 4719 Prinoipis
1339 4636 1452 4702 domini

343 4703 458 4772 Karoli
473 4709 682 4796 primogeniti
706 4719 795 4806 eius,
820 4724 989 4814 Hungarie
1004 4734 1105 4822 Regis
1121 4740 1284 4829 Illustris,
1310 4764 1351 4812 ex
1367 4751 1450 4830 parte
