3262 5242
626 355 673 458 ,27
689 452 734 459 .,

99 561 231 622 ternam.
257 555 313 623 Ad
327 555 549 622 uniuersorum
575 556 731 626 noticiam
753 560 866 618 tenore
891 549 1096 636 presencium
1118 549 1212 617 volu·

99 684 166 731 mus
183 665 374 751 peruenire,
402 667 488 748 quod
506 667 619 734 Abbas
645 674 678 733 et
695 666 881 733 Conuentus
898 658 1087 727 Monosterii
1110 659 1212 725 Beate

99 773 237 857 Virginis
254 771 295 838 de
311 774 421 840 Monte
437 775 557 858 Sancte
572 776 676 844 Mario
693 772 734 841 de
750 769 881 841 Kedhei
898 767 938 834 ad
957 773 1103 836 nostram
1119 785 1212 833 aoce-

97 878 200 948 dendo
232 883 433 966 presenciam
468 883 684 950 exhibuerunt
717 881 813 950 uobis
845 876 1014 963 exemplar
1047 875 1213 963 priuilegii

98 988 241 1054 Ladislai
256 990 376 1074 Inclyti
392 991 492 1076 Regis
509 992 679 1078 Hungarie
695 986 853 1077 patruelis
869 985 980 1052 fratris
996 987 1098 1052 nostri
1113 1003 1213 1070 super

97 1105 183 1165 terra
200 1097 314 1184 Sydon
331 1107 450 1166 vocata
467 1100 669 1188 confectum,
687 1105 838 1184 petentes
854 1116 876 1161 a
891 1094 986 1162 uobis
1002 1112 1073 1161 cum
1090 1093 1212 1161 instan-

97 1207 155 1292 cia,
172 1210 208 1272 ut
224 1225 285 1272 nos
306 1209 475 1292 exemplar
494 1208 600 1294 ipsius
616 1206 782 1294 priuilegii
793 1209 899 1272 ratum
916 1201 1040 1268 habere
1051 1207 1085 1268 et
1100 1206 1211 1270 nostro

96 1316 301 1400 dignaremur
317 1316 492 1402 priuilegio
518 1315 720 1384 confirmare.
746 1311 990 1395 uniusquidem
1018 1309 1213 1397 exemplaris

97 1425 260 1509 priuilegii
275 1430 369 1492 tenor
384 1429 460 1494 talis
472 1435 523 1494 est
539 1451 547 1493 ε
1061 1413 1064 1424 ’

198 1537 270 1602 Nos
287 1533 464 1603 Ladislaus
489 1538 553 1604 stb.
571 1541 750 1614 (hovetkezik
772 1543 821 1600 lv.
837 1540 939 1598 Ltszlt
964 1539 1058 1611 kirtly
1087 1537 1215 1594 1277-ιὶ

97 1650 263 1721 megero'sitii
291 1624 449 1723 okmanya,
476 1653 552 1724 mely
568 1651 713 1708 olvashato
740 1650 976 1724 Okmtnytaruuk
992 1648 1042 1705 IV.
1063 1646 1216 1703 luiiteteben

96 1757 141 1810 ιι.
158 1755 189 1827 ι.)

197 1859 270 1925 Nos
288 1858 399 1945 itaque
425 1862 633 1930 attendentes
658 1862 858 1948 peticionem
875 1859 1052 1929 eorundem
1074 1859 1214 1927 Abbatis

94 1971 124 2030 et
140 1966 328 2036 Conventus
346 1971 538 2038 Monasterii
555 1969 595 2038 de
611 1973 720 2038 Monte
737 1970 859 2039 Sancte
874 1970 976 2038 Maria
997 1968 1068 2038 fore
1084 1968 1213 2054 iustam,

93 2075 407 2164 considerantesque
423 2081 593 2166 exemplar
608 2080 775 2168 privilegii
792 2081 938 2148 eiusdem
948 2079 1050 2167 Regis
1065 2076 1216 2146 Ladisiai

93 2171 202 2252 fratris
218 2188 324 2254 nostri
340 2208 404 2255 non
429 2190 604 2276 abrasum,
623 2209 688 2256 non
706 2191 947 2277 cancellatum,
973 2187 1084 2255 necin
1103 2187 1216 2272 aliqua

92 2295 140 2360 sui
156 2303 257 2380 parte
282 2297 457 2387 viciatum,
483 2307 630 2366 tenorem
655 2299 801 2366 eiusdem
827 2299 869 2366 dc
884 2300 987 2366 verbo
1007 2295 1051 2364 ad
1076 2296 1214 2364 verbum

92 2405 302 2487 presentibus
317 2407 485 2496 insertum,
501 2407 643 2474 maxime
659 2411 729 2473 cum
747 2408 950 2475 collaciones
966 2404 1212 2502 progenitorum
1255 2485 1259 2493 ³

92 2521 274 2580 nostrorum
284 2515 446 2582 Ecclesiis
457 2515 519 2581 rite
536 2521 569 2580 et
582 2514 726 2600 legitime
738 2515 845 2582 foetas
856 2515 1009 2582 nollimus
1020 2517 1215 2603 retractare,

91 2629 193 2688 ratum
208 2623 373 2692 habentes
394 2630 427 2691 et
451 2629 635 2710 acceptum,
652 2624 855 2691 authoritate
873 2624 1077 2709 presencium
1104 2621 1216 2690 contir-

90 2753 215 2800 mamus
227 2734 393 2820 dupplicis
403 2734 506 2818 sigilli
516 2735 623 2802 nostri
632 2731 809 2800 munimine
820 2732 1146 2804 roborandoDatum
1157 2753 1216 2819 per

91 2860 204 2908 nauus
222 2842 423 2910 venerabilis
441 2843 501 2908 viri
518 2840 667 2928 magistri
683 2839 848 2910 Theodori
863 2843 1028 2927 Propositi
1046 2842 1214 2923 albensis,

90 2951 162 3016 aule
178 2956 294 3018 nostre
306 2951 597 3018 Vico-Cancellarii
613 2949 725 3017 dilecti
742 2957 776 3016 et
791 2948 899 3019 fidelis
912 2953 1027 3033 nostri,
1046 2972 1133 3018 anuo
1148 2951 1215 3018 Do·

89 3061 165 3126 mini
180 3060 361 3128 millesimo
380 3061 604 3129 ducentesimo
621 3061 834 3146 nonagesimo
844 3063 959 3148 primo,
977 3060 1090 3144 quinto
1109 3080 1213 3127 nonas

89 3170 240 3255 Augusti,
258 3169 367 3256 Regni
383 3176 491 3238 autem
508 3170 612 3236 nostri
633 3189 719 3236 auno
735 3170 849 3257 primo.
906 3243 908 3247 ,

245 3364 406 3438 (Hevauesi
418 3363 542 3422 kezirati
555 3363 761 3439 gyiijtomdnye
773 3364 849 3422 LIX.
864 3365 924 3424 kot.
940 3366 1004 3424 426.
1018 3363 1052 3435 t.)

519 3660 784 3670 Q„„„„„„
