3166 5238
788 313 949 422 323-

304 511 455 582 Eoelesie
469 512 566 581 Beati
582 513 715 583 Martini
740 519 775 583 in
792 519 907 582 eadem
923 513 1069 584 Ilmeuoh
1086 518 1282 610 'constructe
1306 509 1443 577 disten-

303 620 391 688 ditur
407 641 512 707 usque
527 620 571 688 ad
586 625 676 692 latus
703 624 791 690 curie
807 621 950 710 Philippi
970 620 1012 689 de
1039 621 1156 688 eadem
1172 617 1339 706 Ilmeuch‚
1366 611 1440 702 (et)

304 735 439 816 separat
455 735 584 814 partem
600 731 679 799 dicti
696 729 820 798 domiui
835 729 999 816 Prepesiti
1016 729 1058 798 ab
1071 727 1235 813 aquilone,
1252 733 1284 794 et
1300 724 1439 812 porcio-

303 856 379 904 nem
396 837 560 906 Herbordi
576 861 597 906 a
622 839 780 928 meridie;
797 838 916 907 deinde
934 857 1004 905 cnm
1023 857 1081 923 per
1108 836 1244 904 eandem
1268 836 1439 902 directam

303 945 393 1012 viam
409 945 546 1014 deberet
561 947 667 1015 ueniri
692 946 733 1014 ud
749 955 876 1033 portum
901 945 1088 1014 arundineti
1106 965 1166 1031 per
1182 961 1288 1026 aquas
1303 944 1438 1009 Ferteu

302 1049 451 1121 distincti
468 1053 511 1121 de
525 1054 642 1122 eadem
667 1055 749 1122 villa
764 1053 932 1134 Ilmeuch,
958 1058 1088 1141 aparte
1110 1051 1230 1119 Ferteu
1247 1049 1309 1116 due
1336 1069 1439 1114 man·

303 1160 413 1230 aiones
438 1167 607 1232 cesserunt
623 1161 797 1250 Proposito
822 1182 901 1248 sepe
927 1161 1014 1231 dicto
1031 1159 1074 1228 ab
1090 1159 1264 1244 aquilone,
1289 1158 1438 1224 terciam

306 1275 416 1336 autem
449 1269 672 1354 mansionem,
698 1270 823 1341 eisdem
849 1270 979 1338 duabus
1004 1267 1229 1338 mansionibus
1249 1265 1437 1332 ameridie

303 1377 491 1461 contiguam
509 1385 541 1446 et
566 1379 717 1462 vicinam,
733 1377 936 1462 reliquerunt
962 1399 1000 1446 eo
1018 1379 1134 1464 modo,
1161 1375 1247 1461 quod
1271 1375 1300 1442 si
1314 1375 1434 1457 ipsam

303 1482 452 1554 dominus
468 1487 660 1572 Propositus
685 1487 718 1552 in
734 1486 851 1554 eadem
878 1485 959 1554 villa
985 1485 1133 1554 llmedch
1158 1505 1228 1554 cum
1253 1484 1437 1551 honestate
1561 1481 1570 1491 '

303 1613 363 1663 sue
388 1594 563 1682 dignitatis
588 1594 721 1666 nomine
744 1595 896 1664 Ecclesia
920 1616 978 1666 sue
1003 1593 1153 1682 recipere
1177 1590 1336 1676 voluerit,
1365 1589 1440 1654 erit

305 1721 385 1790 sua3
402 1708 435 1769 et
450 1703 480 1772 si
496 1723 556 1773 sua
573 1702 682 1789 suerit,
706 1703 936 1790 superandam
951 1703 1144 1788 mansione,
1162 1699 1308 1784 alioquin
1324 1716 1438 1782 super

303 1809 373 1878 alia
388 1811 568 1898 mansione,
584 1817 620 1879 ut
635 1810 863 1898 premisimus,
881 1810 1027 1899 erigetur
1042 1817 1140 1897 meta,
1160 1814 1194 1874 et
1209 1827 1267 1894 per
1284 1805 1437 1874 eandem

303 1922 422 1986 metam
439 1918 578 1988 intrabit
595 1919 629 1987 in
646 1918 880 1988 arundinetum
895 1937 955 1988 seu
976 1918 1151 2005 paludem;
1176 1922 1209 1982 et
1225 1912 1438 1982 circumseri·

309 2025 429 2113 poione
445 2026 535 2095 illius
558 2033 644 2096 mete
670 2026 765 2094 uadit
788 2045 905 2096 versus
930 2026 1134 2093 occidentem
1156 2042 1242 2107 equa
1267 2022 1440 2090 diuisione

306 2129 350 2200 ad
363 2133 527 2218 piscinam
544 2133 684 2202 Homieo
694 2139 860 2219 uocatam,
878 2140 910 2204 et
927 2151 999 2202 cum
1019 2134 1099 2203 illuc
1110 2131 1305 2218 peruenerit,
1320 2131 1442 2215 ipsam

305 2239 469 2328 piscinam
484 2241 626 2310 Homieu
642 2242 687 2310 ud
703 2242 752 2312 ius
768 2242 933 2330 Prepesiti
959 2235 1119 2328 separant
1143 2239 1318 2309 arundines
1344 2259 1366 2304 a
1381 2238 1441 2325 pi·

306 2349 401 2416 scine
416 2350 505 2416 Buur
514 2400 523 2434 ,
551 2369 614 2432 que
631 2357 681 2418 est
705 2351 836 2436 pisoina
852 2349 929 2420 dicti
950 2351 1097 2435 magistri
1112 2349 1294 2437 Herbordi3
1320 2354 1355 2415 et
1370 2349 1441 2414 ab·

306 2456 383 2524 irinc
399 2457 519 2528 diuisio
535 2456 725 2526 huiusmodi
742 2459 774 2526 in
792 2458 887 2543 equis
904 2458 1108 2546 protenditur
1129 2477 1233 2541 usque
1251 2457 1295 2525 ad
1309 2457 1443 2522 Ferteu

306 2583 470 2650 maguum,
487 2565 697 2652 porcionibus
714 2566 868 2636 videlieet
883 2565 1049 2652 Propositi
1064 2567 1108 2634 ab
1129 2567 1294 2652 aquilone,
1312 2572 1345 2632 et
1361 2585 1442 2630 ma-

306 2671 404 2760 gistri
419 2671 582 2740 Herbordi
599 2693 620 2740 a
636 2674 775 2742 meridie
791 2693 923 2762 semper
941 2675 1198 2744 remanentibus.
1216 2675 1301 2742 Item
1316 2674 1444 2740 Patro·

306 2787 420 2850 uatum
436 2779 586 2850 Ecclesia
602 2781 699 2848 Beati
715 2781 849 2850 Martini
875 2781 1025 2867 superius
1042 2781 1130 2852 dicte
1154 2803 1228 2850 cum
1245 2780 1370 2847 ambitu
1388 2780 1441 2844 ci-

307 2882 428 2974 miterij
455 2888 518 2958 sibi
543 2889 757 2958 communiter
783 2897 1009 2960 reseruarunt.
1034 2891 1117 2959 Item
1143 2888 1317 2974 quamdam
1332 2887 1444 2976 pisci-

306 3017 383 3066 nam
399 2997 530 3084 Zyktou
546 3002 709 3080 vocatam,
727 3017 790 3082 que
807 3005 859 3067 est
874 2999 967 3066 iuxta
981 3000 1165 3088 predictam
1180 2997 1381 3082 Ecclesiam,
1398 3003 1441 3064 et

308 3105 484 3174 ameridie
499 3105 605 3174 tendit
629 3126 745 3176 uersus
761 3108 950 3190 aquilonem
962 3160 971 3194 ,
998 3107 1032 3174 iu
1051 3107 1134 3177 duas
1159 3108 1292 3192 equales
1317 3111 1442 3193 partes

308 3213 521 3283 communiter
536 3214 739 3300 diuiserunt;
756 3217 814 3300 ita,
832 3215 918 3299 quod
930 3235 1010 3302 pars
1031 3215 1195 3304 Propositi
1215 3214 1314 3285 cessit
1329 3213 1397 3281 sibi
1416 3231 1442 3278 a

308 3326 402 3408 parte
417 3321 499 3389 ville
515 3328 548 3390 et
571 3327 657 3389 terre
683 3342 743 3392 sue
768 3323 810 3389 ab
838 3323 1010 3407 aquilone,
1038 3324 1154 3410 porcio
1178 3343 1254 3390 vero
1279 3319 1442 3405 magistri

307 3429 471 3498 Herbordi
482 3429 644 3500 remansit
659 3429 811 3498 similiter
821 3449 862 3498 ex
878 3438 975 3518 parte
991 3432 1067 3500 ville
1078 3450 1171 3500 suea
1185 3430 1329 3498 meridie.
1346 3431 1441 3497 Item

310 3557 382 3606 oum
398 3538 558 3606 termInus
574 3539 680 3625 ipsius
706 3539 833 3627 piscine
849 3541 882 3606 iu
898 3559 983 3626 pura
1000 3557 1090 3624 aqua
1113 3539 1241 3607 uenerit
1263 3537 1305 3604 ad
1321 3543 1439 3606 terras

307 3645 472 3730 arabiles,
500 3645 556 3728 qui
571 3647 727 3716 terminus
752 3649 795 3716 ab
815 3648 971 3732 aquilone
994 3647 1101 3716 tendit
1119 3666 1235 3716 uersus
1261 3647 1439 3732 orientem,

307 3755 370 3822 hoe
386 3756 433 3820 ita
445 3754 693 3840 ordinauerunt,
710 3754 799 3839 quod
815 3756 935 3823 erectis
952 3756 1046 3824 metis
1064 3773 1167 3838 usque
1188 3754 1263 3822 dum
1280 3753 1440 3838 predicta

307 3863 476 3949 possessio
494 3861 700 3948 protenditur
715 3868 758 3934 ab
775 3865 929 3948 aquilone
939 3913 948 3950 ,
972 3883 1051 3950 pars
1069 3885 1129 3933 seu
1144 3866 1194 3932 ius
1210 3862 1394 3948 Prepesiti;
1414 3884 1441 3931 a

307 3967 444 4038 meridie
469 3989 546 4038 voro
571 3969 651 4038 dicti
676 3971 827 4057 magistri
849 3970 1015 4039 Herbordi
1040 3973 1179 4060 pacifice
1203 3971 1437 4040 remanebunt.

307 4078 378 4144 Nec
394 4076 457 4144 hoc
473 4075 762 4162 pretermittimus,
787 4079 876 4164 quod
891 4085 1004 4163 partes
1022 4085 1157 4166 propter
1176 4078 1311 4148 maioris
1337 4077 1439 4147 certi·

309 4183 433 4254 tudinis
460 4185 623 4256 cautelam
647 4185 759 4255 taliter
785 4186 981 4256 seinvicem
1007 4187 1260 4275 obligaueruut3
1287 4187 1375 4273 quod
1404 4189 1439 4257 si

310 4311 376 4376 qua
392 4311 504 4362 earum
519 4296 667 4382 parcium
682 4303 868 4382 presentem
885 4296 1163 4382 composicionem
1187 4317 1253 4364 non
1268 4297 1432 4365 toleraue·

308 4399 362 4486 rit,
377 4401 471 4470 etad
496 4401 614 4472 feriam
638 4407 766 4472 sextam
785 4410 862 4489 post
884 4405 1004 4474 festum
1028 4406 1260 4490 Apostolorum
1286 4404 1378 4494 Petri
1397 4412 1436 4472 et

307 4507 404 4577 Pauli
419 4527 519 4576 unum
534 4529 576 4578 ex
592 4509 688 4581 nobis
713 4529 772 4597 pro
797 4511 985 4581 testimonio
1002 4509 1046 4581 ad
1071 4513 1249 4582 uidendam
1275 4517 1307 4582 et
1329 4509 1436 4579 ratifi-

310 4619 450 4690 oaudam
466 4618 663 4688 diuisionem
679 4618 799 4690 ducere
814 4640 880 4689 nou
890 4620 1093 4710 tumuerint,
1110 4624 1194 4694 sicut
1208 4620 1305 4711 ydem
1315 4627 1436 4708 partes
