3166 5238
596 362 660 434 176

549 457 710 470 —nn-

76 563 121 629 Μθ
135 562 204 632 00⁰
229 564 444 648 nonagesimo
470 563 618 650 septimo.
641 563 799 650 Magistro
816 566 919 631 Panlo
936 563 1097 647 Cantore,
1122 582 1187 629 rna-

74 673 172 756 gistro
189 673 350 758 Gregorio
367 673 528 750 Custode,
544 673 698 742 Johanne
713 674 870 759 Deoano,
898 673 1070 760 Nyeola0‚
1086 674 1188 738 Luna-

69 780 145 847 ·ohio
162 787 195 847 et
219 780 353 847 Andron
378 782 630 865 sacerdotibus,
655 781 802 867 Thema,
828 781 974 864 Jacobo,
990 779 1139 866 Nyeoleo
1155 786 1188 846 et

70 890 167 956 Petro
184 888 363 974 magistris,
380 889 562 973 ceterisque
580 888 754 958 Canonieis
770 887 999 957 existentibus.

74 1083 172 1153 (Erede
188 1083 213 1139 ie
228 1083 353 1172 aRumy
366 1081 467 1141 esaltd
479 1081 699 1151 levelttrtban,
720 1083 861 1142 mtsolets
875 1103 892 1142 a
905 1102 1025 1158 megyar
1037 1084 1187 1141 akademin

492 1171 763 1242 kezirat-t'drbban.)

593 2025 662 2092 115.

71 2223 205 2288 Kosmas
220 2222 299 2310 prof
309 2223 434 2288 botellos
448 2226 553 2311 tippula
566 2224 677 2309 Herpa
702 2223 838 2288 birtokot
854 2224 948 2288 Peter
972 2223 1108 2310 profante
1133 2225 1185 2288 ba·
1206 2173 1211 2187 Ι

113 2337 374 2420 pyomrlayozvdn,
391 2333 504 2398 butella
519 2337 597 2399 atria
613 2336 682 2418 aaje
699 2342 744 2398 eat
759 2331 884 2420 belpbeo
900 2333 1025 2420 bapyja.
1042 2335 1140 2400 1297.

175 2533 245 2600 Nos
262 2529 448 2616 Capitulum
473 2529 622 2599 Eeelesie
645 2529 856 2598 Posoniensis
881 2529 1104 2616 signifioamus
1119 2531 1187 2598 nni

71 2641 194 2726 nersis,
217 2639 334 2723 quibus
360 2640 494 2725 expedit
520 2660 580 2724 per
597 2644 776 2724 presentes,
801 2640 889 2722 quod
912 2639 1030 2723 nobilis
1055 2639 1186 2707 domina

72 2747 247 2824 Elisabeth
260 2741 346 2835 (igy)
362 2746 478 2813 reliota
496 2746 631 2816 Comitis
651 2746 780 2829 Oosme,
798 2765 861 2828 qne
881 2753 1014 2832 propter
1030 2745 1186 2828 exequias

72 2855 180 2921 mariti
197 2855 248 2939 suj
276 2854 411 2924 Comitis
428 2854 544 2920 Cosme
561 2855 720 2940 prodisti,
746 2853 862 2938 quibus
886 2854 1028 2939 oportuit
1052 2874 1126 2920 eam
1141 2856 1187 2921 in·

71 2969 196 3031 teresse
206 3013 214 3047 ,
231 2963 274 3031 ad
291 2964 498 3048 presentiam
516 2961 678 3050 (nostram
693 2962 822 3051 venire)
839 2987 903 3032 non
920 2968 1048 3051 potujt,
1074 2967 1109 3033 in
1126 2967 1187 3036 lle·

73 3071 176 3138 alesia
192 3073 327 3138 fratrum
343 3073 501 3140 Minorum
527 3092 636 3140 eoram
653 3071 785 3142 domino
801 3071 953 3140 Jobanne
977 3082 1087 3142 nostro
1104 3075 1187 3142 (lon-

71 3181 230 3247 eanonioo
255 3186 286 3247 et
303 3181 453 3248 Eoelesie
478 3185 590 3246 nostre
615 3181 748 3248 Vinario
776 3176 910 3268 (sponte
931 3191 981 3246 est
1007 3176 1186 3268 confessa),

72 3291 157 3372 quod
183 3309 256 3354 eum
273 3289 389 3356 Comes
417 3288 555 3356 (leemas
579 3289 714 3356 maritus
741 3288 870 3358 domine
896 3288 1042 3374 predicte
1058 3291 1187 3356 deeum·

73 3399 152 3463 bens
170 3396 205 3462 in
221 3396 305 3462 leeto
323 3397 537 3482 egritudinis,
565 3405 597 3464 et
612 3400 764 3465 senciens
791 3397 855 3464 sibi
869 3398 981 3464 mortis
1007 3397 1188 3483 perieulum

71 3504 251 3590 immjnere‚
268 3502 386 3572 (inmiti
403 3505 498 3570 Petro
515 3503 581 3572 lilio
598 3504 758 3572 (lethardi
781 3525 841 3590 pro
859 3502 926 3572 suis
943 3504 1093 3591 sernioijs
1109 3507 1188 3572 mul·

72 3612 239 3697 tiplioibus
256 3621 287 3677 et
313 3611 475 3679 diuturnis
503 3613 668 3694 quendam
695 3612 939 3697 possessionem
956 3613 1068 3697 Horpo
1092 3633 1187 3682 voea-

30 3800 32 3804 .
72 3727 159 3800 tam,
185 3718 323 3786 sitama
349 3726 444 3805 parte
469 3721 623 3806 orientalj
649 3721 735 3786 inter
760 3720 841 3788 duas
867 3721 963 3789 villas
987 3723 1129 3809 Rasolyz
1154 3730 1188 3791 et

71 3831 251 3918 Lepyohoz
268 3827 313 3914 (l)
330 3836 466 3898 vocatas
477 3881 486 3916 ,
513 3847 625 3898 eoram
642 3831 760 3898 eadem
784 3829 917 3899 domina
941 3851 1040 3899 vxore
1066 3851 1126 3898 sna
1142 3834 1186 3898 le-

71 3941 171 4026 ganjt,
190 3957 262 4004 eum
281 3937 431 4005 omnibus
456 3938 654 4007 utilitatibus
680 3941 713 4004 et
729 3939 942 4026 pertinenoijs
970 3941 1036 4007 suis
1053 3941 1086 4006 in
1101 3941 1187 4008 filios

70 4048 209 4113 filiorum
237 4041 426 4130 (perpetuo)
451 4043 708 4131 possidendani3
742 4047 893 4132 prediola
917 4055 1025 4114 antem
1054 4047 1187 4118 domina

72 4154 189 4223 eodem
202 4155 288 4240 jore,
305 4173 369 4237 quo
380 4153 497 4220 (lomes
514 4154 650 4222 (losmss
667 4173 744 4222 suns
761 4156 898 4223 maritus
915 4155 1097 4241 predictam
1112 4175 1187 4243 pos·

72 4265 256 4334 sessionem
286 4260 446 4348 (legatam
463 4258 600 4350 comiti)
625 4264 721 4330 Petro
738 4263 927 4348 supradicto
952 4263 984 4328 in
1002 4263 1089 4332 lilios
1104 4265 1186 4332 lilio·

70 4393 142 4438 rnm
157 4373 229 4437 iure
252 4377 410 4457 perpetuo
435 4369 670 4455 possidendam
686 4369 828 4453 legauit,
854 4371 1009 4456 tradidit,
1027 4375 1187 4459 obligauit

73 4476 238 4565 (similiter
253 4476 304 4565 se)
321 4486 355 4545 et
370 4499 430 4563 pro
455 4478 521 4547 filio
547 4499 607 4545 suo
623 4478 779 4546 thilens
794 4487 932 4567 venato,
952 4481 1036 4564 quod
1053 4483 1186 4566 qnienn·

72 4605 133 4668 qne
150 4588 310 4655 (tomitem
326 4587 457 4654 Petrum
472 4590 605 4655 racione
629 4587 850 4671 possessionis
867 4589 1015 4673 prediete
1031 4609 1185 4674 processu

71 4703 254 4784 temporum
268 4697 427 4782 impetere
451 4695 589 4764 forsitan
606 4699 837 4782 attemptaret,
862 4697 978 4766 eadem
994 4697 1125 4768 domina
1139 4706 1184 4770 te·
