3262 5242
694 331 712 396 7

619 418 783 427 ——.-....-.

141 534 232 596 mata
246 528 439 612 prudentius
465 522 654 590 reformaret
664 573 673 608 ‚
699 545 738 591 ao
763 527 915 592 evelleret
932 531 965 592 et
982 526 1164 592 destrueret
1179 526 1259 592 vitia

142 637 373 720 plantaretque
390 638 535 714 virtutes,
554 652 593 700 ac
609 632 699 701 iuxta
714 633 855 716 gratiam
872 655 893 699 a
908 633 1047 700 Domino
1068 631 1131 698 sibi
1147 635 1258 702 datam

140 743 329 810 huiusmodi
346 742 501 828 perieulis
528 743 676 810 obviaret
693 768 700 808 :
717 761 776 828 per
794 743 886 808 onius
913 741 1124 808 ministerium
1149 743 1257 824 provi·

141 853 219 919 dum
238 858 271 918 et
285 849 489 938 prudentiam
501 850 769 934 circumspectam
780 849 891 932 multa,
903 853 999 932 prout
1016 848 1259 918 venerabilibus

140 960 299 1028 fratribus
315 957 446 1043 nostris,
468 957 629 1024 universis
646 955 934 1042 Archiepisoopis,
952 955 1142 1042 Episcopis,
1164 964 1197 1023 et
1213 958 1260 1028 di·

143 1067 240 1134 raats
256 1065 332 1132 urin
349 1066 490 1149 uranus,
517 1047 699 1132 ausanius
717 1071 749 1132 a
765 1064 840 1133 ura
858 1063 1081 1132 metretarum
1106 1065 1258 1148 prelatis,

143 1194 186 1238 aa
202 1174 363 1242 nobilibus
380 1173 459 1241 viris
475 1172 639 1257 Ducibus,
665 1171 918 1252 Marchionibus,
937 1169 1134 1256 comitibus,
1161 1172 1258 1240 Baro-

140 1283 240 1350 nibus
258 1289 289 1347 et
305 1280 466 1348 universis
483 1281 602 1346 Christi
618 1277 766 1346 fidelibus
783 1299 842 1364 per
853 1284 1003 1365 Regnum
1021 1278 1166 1364 Ungarie
1185 1299 1258 1348 con·

140 1391 264 1459 stitutis
280 1411 346 1456 non
363 1390 558 1462 arbitramur
574 1389 790 1472 incognitum,
817 1390 860 1458 ad
876 1387 993 1456 bonum
1010 1396 1042 1454 et
1057 1387 1259 1458 laudabilem

141 1505 267 1566 statum
283 1515 494 1582 personarum
521 1495 817 1564 ecclesiasticarum
842 1502 876 1561 et
891 1496 1087 1588 secularium
1103 1495 1182 1564 dicti
1197 1496 1258 1574 Re·
1282 1519 1286 1530 ·

140 1609 209 1692 gni,
226 1611 349 1685 statuta
365 1612 398 1672 et
413 1605 563 1672 ordinata
578 1607 718 1688 fuerunt,
744 1605 847 1670 oculis
862 1605 983 1672 Divine
1007 1604 1190 1674 Maiestatis
1207 1622 1259 1672 ac·

142 1721 252 1800 cepta,
270 1721 302 1780 et
316 1713 380 1796 ipsi
396 1714 508 1796 Regno
524 1731 563 1782 ao
582 1713 652 1780 eius
671 1713 909 1784 habitatoribus
925 1715 1105 1795 fructuosa,
1123 1730 1257 1802 quorum

140 1823 264 1906 aliqua,
282 1828 378 1908 prout
392 1822 512 1888 multos
528 1841 569 1886 ex
584 1822 860 1910 archiepiscopis,
885 1820 1066 1909 Episcopis,
1084 1820 1258 1888 Nobilibus

140 1937 174 1996 et
187 1931 262 2000 aliis
278 1933 486 2015 supradictis,
504 1936 540 1997 ut
556 1931 738 2013 credimus,
757 1930 836 1998 iacti
857 1929 1024 1998 evidentia
1048 1928 1174 2012 docuit,
1201 1950 1259 2016 per

138 2039 332 2106 iamdictam
348 2039 471 2124 Regem
486 2039 648 2124 promissa
664 2048 697 2106 et
712 2041 819 2109 iurata
836 2039 965 2108 fuerunt
982 2040 1041 2106 sub
1056 2039 1258 2126 obligatione

140 2166 204 2215 sua
220 2137 254 2212 et'
277 2151 373 2215 etiam
390 2149 469 2216 dieti
492 2150 617 2234 Regni5
634 2147 794 2216 sedidem
820 2150 890 2216 Rex
905 2148 1144 2236 promissione,
1171 2151 1257 2216 iura·

140 2263 251 2323 mento
268 2263 301 2322 et
316 2257 516 2342 obligatione
531 2257 714 2324 huiusmodi
730 2256 858 2324 omnino
876 2255 1093 2341 contemptis,
1110 2256 1258 2340 predicta
1387 2271 1390 2279 ·

140 2383 207 2430 non
224 2365 384 2448 servavit,
411 2366 484 2432 dum
502 2365 642 2451 viveret;
668 2373 752 2433 etse
777 2367 969 2451 recognovit
996 2367 1093 2433 etiam
1110 2384 1176 2432 non
1193 2383 1258 2430 ser·

140 2492 240 2539 vasse
250 2525 259 2558 ,
284 2472 368 2538 sicut
384 2492 424 2538 ea
440 2492 498 2557 per
521 2479 673 2559 patentes
690 2480 849 2559 apparent
869 2475 1014 2558 apertius
1030 2473 1179 2559 litteras,
1197 2491 1259 2555 que

138 2581 173 2645 in
191 2579 323 2648 archivo
350 2580 446 2647 Sedis
470 2581 661 2664 Apostolioe
689 2586 943 2662 conservantur,
961 2587 1093 2665 propter
1120 2579 1208 2662 qnod
1225 2581 1258 2646 in

141 2690 257 2757 eodem
273 2691 385 2771 Regno
403 2691 604 2759 turbationes
631 2691 849 2775 multiplices,
876 2691 1100 2758 dissensiones
1118 2695 1151 2756 et
1166 2709 1258 2758 scan-

140 2797 220 2866 dala
236 2798 352 2884 gravia
377 2799 590 2883 contigerunt.
615 2795 709 2866 Unde
726 2818 785 2865 nos
803 2819 892 2865 more
917 2799 964 2882 pii
980 2798 1085 2883 patris
1103 2799 1258 2883 compati-

140 2909 235 2971 entes
250 2911 317 2974 tam
334 2905 515 2990 periculoso
531 2908 632 2973 statui
648 2908 726 2976 dieti
744 2909 868 2995 Regni,
895 2908 1118 2993 disposuimus
1138 2908 1181 2974 ad
1198 2909 1257 2974 Re-

138 3034 240 3098 gnum
255 3015 362 3098 ipsum
378 3014 543 3083 destinare
559 3017 737 3100 Legatum,
765 3018 810 3084 ad
826 3016 1064 3102 pacificandum
1081 3017 1181 3098 illud,
1208 3036 1257 3082 se·

140 3121 284 3188 dandum
301 3123 502 3192 turbationes
519 3124 632 3212 ipsius,
645 3130 676 3192 et
691 3125 851 3210 prefatum
863 3126 987 3210 Regem
1003 3124 1048 3194 ad
1061 3123 1148 3192 viam
1164 3123 1257 3189 recti-

139 3229 263 3299 tudinis
280 3237 312 3297 et
328 3233 443 3298 salutis
460 3231 503 3298 ab
519 3233 636 3298 erroris
653 3233 751 3317 invio,
768 3251 825 3318 per
842 3231 929 3316 quod
945 3231 1127 3316 periculose
1144 3251 1256 3296 nosce·
1335 3303 1339 3311 ,

139 3343 238 3408 batur
253 3339 417 3422 incedere,
433 3340 662 3407 reducendum.
680 3343 721 3406 Et
737 3341 814 3426 quia
831 3342 956 3426 prefato
977 3343 1069 3427 Rege
1086 3343 1183 3409 rebus
1201 3340 1255 3405 hu-

139 3449 246 3515 manis
264 3453 414 3534 exempto
425 3499 434 3534 ,
462 3449 604 3516 eiusdem
621 3450 726 3535 Regni
742 3449 943 3517 turbationes
971 3455 1003 3516 et
1021 3450 1166 3536 pericula
1190 3469 1257 3514 non

140 3565 322 3641 cessarunt,
340 3557 403 3624 imo
420 3561 573 3645 graviora
583 3558 745 3642 timentur,
762 3567 893 3645 propter
904 3559 993 3646 quod·
1007 3560 1124 3647 Legati
1142 3578 1255 3644 supra-

140 3665 221 3731 dicti
236 3665 403 3748 presentia
419 3667 452 3730 in
468 3667 581 3752 Regno
596 3667 669 3751 ipso
693 3667 798 3754 magis
814 3689 853 3736 ac
869 3668 973 3754 magis
989 3667 1060 3734 fore
1077 3665 1255 3734 dinoscitur

140 3780 312 3858 oportuna,
329 3782 370 3857 te,
390 3772 493 3840 virum
509 3774 619 3858 utique
635 3775 807 3862 providum
823 3783 855 3841 et
871 3777 1061 3861 discretum,
1080 3779 1254 3843 zelatorem

137 3885 285 3968 justitie,
312 3903 351 3948 ac
367 3884 460 3950 nobis
478 3889 510 3947 et
525 3881 681 3949 fratribus
705 3885 824 3951 nostris
850 3885 966 3952 merito
993 3892 1048 3950 tue
1064 3883 1254 3969 multiplicis

139 3993 315 4082 probitatis
332 3997 523 4078 acceptum,
539 3989 734 4058 fiducialiter
750 3991 794 4058 ad
810 3994 972 4078 prefatum
987 3993 1159 4076 Regnum,
1184 3997 1252 4062 tan-

141 4124 241 4189 quam
257 4101 350 4188 pacis
366 4102 516 4184 angelum
527 4098 740 4180 destinamus,
757 4107 792 4166 ut
808 4109 843 4166 tu
859 4103 900 4166 de
911 4106 998 4167 statu
1014 4100 1117 4184 ipsius
1137 4101 1254 4187 Regni,

141 4234 182 4281 aa
199 4213 271 4276 eius
287 4205 516 4276 circumstatiis
534 4217 565 4270 et
591 4207 830 4276 conditionibus
854 4207 1032 4292 universis,
1055 4213 1087 4272 et
1113 4207 1254 4292 qualiter

138 4323 175 4390 in
190 4320 306 4387 melius
322 4315 420 4400 dirigi
436 4323 468 4381 et
483 4313 607 4382 salubri
617 4315 773 4400 regimine
789 4318 899 4384 valcat
909 4315 1095 4404 gubernari,
1112 4315 1252 4386 fideliter

140 4430 235 4515 plene
253 4433 285 4494 et
302 4424 441 4494 sollicite
457 4422 658 4507 informeris,
684 4431 715 4490 et
731 4421 761 4488 N
764 4445 819 4501 os,
836 4425 953 4508 quibus
971 4423 1049 4492 dicti
1065 4425 1189 4508 Regni,
1205 4431 1252 4491 ut-

139 4551 217 4631 pote
234 4540 278 4608 ad
293 4539 473 4605 Romanam
488 4531 670 4600 Ecclesiam
689 4534 897 4618 pertinentis,
923 4553 1000 4602 cura
1016 4534 1188 4620 peculiaris
1204 4533 1250 4598 in-

141 4650 272 4730 cumbit,
291 4647 498 4731 temperie,
516 4657 613 4723 quam
630 4661 687 4725 per
703 4641 994 4731 Archiepisoopos,
1021 4641 1200 4738 Episcopos
1219 4647 1250 4715 et
