3262 5242
907 435 929 502 4

359 635 576 722 Oanoellnnij‚
599 633 713 702 dilecti
739 640 772 700 et
795 633 902 702 fidelis
926 634 1047 716 nostri,
1072 650 1157 700 anno
1180 629 1313 698 Domini
1336 628 1387 698 Μ0
1411 626 1485 697 00⁰

360 744 584 830 nonagesimo,
609 743 714 829 Regni
736 747 847 810 antem
871 743 974 808 nostri
998 760 1083 812 anno
1106 737 1220 825 primo.

726 963 779 1035 (An
803 965 909 1022 eredcti
931 965 1007 1022 utin.
1033 961 1120 1036 Used.)

367 2025 426 2092 IV.
438 2023 557 2088 Milatos
566 2026 654 2111 pdpa
664 2023 844 2088 Beaoeauto
853 2020 1214 2108 Eapudiaipttepdkaclc,
1225 2041 1263 2082 az
1273 2016 1410 2107 apostoli
1418 2017 1492 2081 saelc

365 2131 530 2200 kdvettack
545 2129 740 2216 mephapyja,
764 2130 841 2215 kopp
861 2151 881 2191 a
897 2125 1175 2214 bolpdrfejdrvdrc'
1187 2124 1405 2212 pttspdlcsepbc
1429 2146 1487 2210 epp

367 2264 389 2304 a
403 2242 505 2305 rdmoi
520 2240 684 2326 epyldzzal
697 2237 910 2324 *ditopysdpben
927 2236 994 2302 loct
1011 2235 1166 2322 purpckoc
1191 2234 1364 2320 helyozzea.
1390 2234 1492 2297 1290.

488 2455 648 2524 Nicolaus
674 2452 856 2537 Episcopus
882 2469 998 2520 seruus
1026 2468 1190 2519 seruorum
1217 2449 1280 2516 Dei
1306 2447 1492 2518 venerabili

367 2563 459 2632 fratri
477 2612 485 2631 .
502 2611 510 2627 .
529 2562 715 2647 Episcopo
742 2559 913 2646 Eugubino
938 2559 1126 2645 Apostolice
1151 2557 1248 2626 Sedis
1275 2559 1414 2645 Legato,
1439 2577 1492 2623 sa-

368 2672 468 2738 lutem
494 2678 527 2738 et
550 2669 774 2754 Apostolicam
800 2667 1069 2734 benedictionem.
1095 2664 1177 2731 Eide
1195 2665 1297 2751 digna
1321 2663 1494 2746 relatione,

369 2776 548 2860 didicimus,
573 2776 658 2861 qnod
673 2777 707 2841 in
723 2783 821 2858 terra,
839 2795 901 2858 que
914 2775 1000 2845 Alba
1016 2775 1192 2859 Bnlgarica
1206 2773 1396 2841 litteraliter
1415 2792 1494 2841 nun-

371 2891 518 2971 cupatur,
535 2883 686 2952 Ecclesia
702 2883 842 2964 quedam
860 2883 1069 2966 Episcopalis
1087 2883 1210 2965 existit,
1235 2901 1299 2965 qne
1317 2901 1377 2966 per
1395 2901 1498 2964 quen-

371 2993 448 3060 dam
466 2991 698 3076 scismaticum,
723 2990 777 3072 qui
792 2990 980 3058 iamdudum
996 2991 1030 3057 in
1047 3010 1119 3056 eam
1137 3010 1197 3076 per
1213 2989 1425 3073 quorundam
1440 3011 1496 3058 no-

303 3101 306 3110 '
370 3101 484 3168 bilium
501 3098 759 3168 scismaticorum
776 3098 916 3185 partium
933 3099 1064 3167 illarum
1079 3099 1260 3183 potentiam
1272 3100 1423 3164 intrusus
1441 3117 1496 3163 ex·
1626 3183 1627 3188 ἵ

370 3209 445 3292 titit,
472 3207 652 3288 detinetur,
671 3206 790 3289 quique
806 3207 874 3274 suis
891 3206 1074 3291 nephandis
1092 3207 1256 3274 erroribus
1274 3208 1497 3273 circumstan-

372 3322 438 3382 tem
454 3314 594 3399 patriam
620 3313 751 3381 inficere
767 3314 896 3390 nititur,
922 3314 1066 3398 capellas
1092 3313 1250 3400 erigendo
1277 3315 1320 3381 de
1347 3335 1447 3393 novo,
1465 3319 1499 3380 et

371 3423 573 3510 presbiteros
599 3441 639 3489 ac
674 3421 809 3489 clericos
835 3423 886 3488 sui
914 3441 1073 3505 sequaces
1099 3423 1219 3491 erroris
1245 3421 1291 3487 ad
1320 3439 1380 3488 eas
1414 3441 1500 3490 ausu

372 3528 796 3613 dampnabiliordinando,
825 3551 864 3598 ac
880 3530 947 3598 alia
963 3531 1194 3598 committendo
1221 3531 1409 3616 nepharia,
1435 3551 1502 3616 que

373 3638 485 3705 oculos
500 3636 619 3703 Divina
630 3639 814 3706 Maiestatis
831 3637 1006 3721 offendunt,
1025 3640 1145 3706 cedunt
1161 3641 1196 3709 in
1212 3638 1291 3705 fidei
1307 3638 1501 3708 Christiane

373 3743 600 3829 dispendium,
627 3751 659 3811 et
675 3746 819 3815 fidelium
835 3750 962 3815 animos
986 3749 1132 3831 graviter
1149 3750 1390 3818 scandalizant.
1417 3749 1503 3817 (lum

374 3856 487 3937 itaque
502 3855 596 3920 tante
620 3855 846 3936 perversitatis
870 3855 1044 3924 audaciam
1066 3864 1100 3924 et
1114 3866 1184 3926 tam
1210 3858 1411 3926 execrabilis
1427 3880 1502 3947 pre·

375 3961 571 4047 sumptionis
589 3979 704 4026 ausum
715 3962 877 4030 sustinere
892 3963 1044 4042 nolimus,
1061 3966 1159 4032 sicuti
1168 3985 1231 4033 nec
1241 3965 1417 4052 debemus,
1435 3966 1500 4035 fra·

375 4068 523 4134 ternitati
538 4078 593 4136 tue
609 4087 667 4152 per
677 4067 868 4154 Apostollca
884 4070 1006 4155 scripta
1016 4072 1218 4160 mandamus,
1235 4082 1411 4161 quatenus,
1427 4095 1503 4163 prc-

375 4174 445 4240 fato
462 4173 646 4244 scismatico
663 4176 704 4244 ab
731 4175 844 4244 eadem
861 4178 1011 4246 Ecclesia
1037 4183 1233 4252 auctoritate
1258 4192 1375 4252 nostra
1391 4203 1454 4268 per
1469 4191 1504 4249 te
1619 4245 1620 4250 ,

376 4301 510 4369 prorsus
527 4290 646 4369 amoto,
663 4285 765 4354 alium
780 4285 882 4353 virum
899 4284 1028 4356 fidelem
1044 4295 1078 4355 et
1094 4291 1248 4360 idoneum
1263 4293 1417 4378 scientia,
1434 4310 1505 4358 mo-

376 4389 466 4458 ribus
483 4395 516 4455 ct
531 4396 639 4476 etate,
665 4391 706 4459 de
720 4392 787 4462 illis
803 4401 859 4463 ant
884 4395 958 4464 aliis
975 4397 1124 4483 partibus
1151 4400 1349 4487 oriundum,
1377 4401 1420 4472 de
1437 4421 1504 4487 quo
1617 4401 1620 4420 i

376 4503 434 4564 tua
452 4495 571 4564 viderit
600 4499 753 4583 expedire
778 4501 950 4587 discretio,
972 4496 1124 4590 preficias
1152 4510 1260 4577 eidem
1286 4511 1442 4580 Ecclesic
1468 4510 1505 4577 in

375 4601 572 4689 Episcopum
587 4609 620 4672 et
636 4613 811 4690 pastorem,
828 4609 932 4693 cique,
957 4612 1094 4683 adscitis
1112 4617 1239 4688 dnobus
1254 4619 1311 4686 vel
1326 4620 1435 4688 tribus
1452 4619 1502 4687 vi-

376 4710 460 4782 cinis
485 4711 664 4799 Episcopis
687 4715 828 4801 gratiam
856 4724 889 4784 et
904 4721 1163 4793 communionem
1188 4728 1385 4813 Apostolioe
1402 4725 1504 4798 Sedis
