3188 5238
873 327 1033 435 ..76-

394 526 541 596 omnibus
557 525 756 596 utilitatibus
771 526 850 613 suis,
867 527 1023 596 uidelicet
1036 531 1127 615 ortis,
1144 527 1316 615 fructibus,
1336 530 1440 614 siluis,
1452 549 1506 596 ne-

393 636 549 721 moribus,
567 639 672 722 pratis
682 685 691 721 ,
709 638 839 724 tenetis,
856 637 1001 724 piscinis,
1018 637 1125 722 aquis,
1142 637 1221 706 locis
1242 637 1506 719 molendinorum,

394 747 489 812 torris
505 747 687 814 arabilibus
702 755 737 814 ot
752 765 816 815 nou
832 745 1035 831 arabilibus,
1050 749 1183 833 pascuis
1203 766 1377 833 pecorum,
1392 747 1507 832 lapidi-

394 855 467 937 bu'e,
486 855 700 924 arundinibus
716 863 750 924 et
764 855 955 924 attinenciis
980 856 1048 924 suis
1072 856 1232 924 uniuersis
1257 855 1402 940 predicto
1418 855 1507 924 Book

392 969 532 1050 cognato
548 965 704 1052 ipsorum,
715 971 815 1052 etper
831 985 905 1034 eum
920 964 989 1032 suis
1004 963 1191 1047 heredibus,
1202 963 1421 1047 heredumqun
1437 983 1507 1032 suo·

392 1093 463 1142 rum
479 1075 727 1144 successoribus
752 1075 883 1142 racione
900 1073 1119 1162 proximitatis
1146 1079 1178 1140 et
1198 1080 1355 1160 perpetue
1380 1071 1508 1141 unionis

393 1182 505 1250 habite
522 1183 608 1250 inter
622 1185 715 1271 ipsos
730 1183 971 1270 assignassent,
988 1183 1215 1268 reliquissent,
1240 1189 1275 1250 et
1293 1180 1508 1250 tradidissent

393 1299 549 1379 perpetuo
565 1301 597 1362 et
621 1293 877 1362 irreuocabiliter
892 1293 1136 1382 possidendam,
1152 1291 1329 1378 obligando
1345 1310 1402 1378 se,
1422 1291 1505 1375 quod

394 1401 576 1488 quicunque
592 1421 747 1488 processu
764 1408 944 1488 temporum
959 1403 1065 1488 ipsum
1080 1401 1174 1470 Book
1192 1408 1249 1470 aut
1264 1420 1358 1470 suam
1373 1404 1506 1486 posteri-

393 1515 494 1578 tatem
511 1531 568 1596 pro
593 1512 668 1598 ipsa
684 1517 802 1594 quarta
826 1517 921 1598 parte
937 1508 1082 1596 predicte
1107 1515 1194 1576 terre
1210 1511 1341 1578 Turnus
1357 1509 1506 1578 (ibondol

393 1624 510 1684 uocato
526 1617 628 1686 uellet
652 1619 800 1706 inpetere
824 1618 877 1687 vel
893 1635 1033 1701 vexare,
1060 1615 1179 1685 extunc
1203 1618 1343 1685 eundem
1369 1619 1461 1686 Book
1478 1623 1509 1686 et

393 1745 484 1792 suam
500 1727 723 1812 posteritatem
739 1725 860 1813 prelati
876 1727 1084 1812 Benedictus,
1101 1724 1238 1812 Egidius
1255 1732 1288 1794 et
1305 1725 1451 1795 Mathias
1467 1747 1507 1794 ac

392 1834 450 1918 alij
468 1837 600 1921 cognati
626 1836 802 1906 eorundem
827 1835 1024 1905 tenebuntur
1039 1834 1195 1922 expedire
1220 1832 1363 1922 proprijs
1389 1836 1507 1903 labori·

391 1945 464 2030 bus,
482 1951 514 2012 et
529 1947 694 2032 expensis.
721 1949 759 2011 In
775 1945 868 2032 cujus
885 1945 933 2012 rei
951 1945 1139 2012 memoriam
1155 1943 1198 2010 ad
1220 1943 1415 2028 peticionem
1432 1943 1507 2011 utri·

392 2073 496 2138 usquo
520 2056 623 2140 partis
649 2060 819 2141 presentes
843 2059 976 2122 nostras
1003 2051 1224 2123 concessimus
1249 2053 1379 2121 litteras
1405 2051 1505 2139 sigilli

392 2163 494 2230 nostri
509 2164 687 2233 munimine
702 2163 887 2232 roboratas.
912 2163 1008 2232 Anno
1026 2162 1159 2230 Domini
1173 2162 1333 2233 milesimo
1357 2162 1506 2232 ducente·

393 2271 473 2339 simo
488 2273 702 2358 nonagesimo
719 2272 871 2357 secundo,
887 2271 921 2338 iu
937 2270 1066 2340 Octava
1081 2271 1241 2360 cinerum.

815 2417 1092 2487 AOD.

391 2630 797 2705 (Hdrtydnfldrtyasuinegeu
806 2628 875 2705 fllgg
885 2627 1008 2704 apecsdt
1017 2629 1163 2687 tiireddke.
1170 2628 1453 2702 Pousonykdptalani
1464 2649 1504 2686 or-

391 2720 493 2794 szdgos
506 2719 630 2779 lcvdlteir
639 2719 735 2792 Capsa
743 2720 820 2778 XIV.
831 2721 914 2777 Fasc.
926 2721 967 2777 18.
980 2719 1015 2775 N.
1030 2722 1071 2775 12.
1085 2718 1116 2776 e's
1127 2736 1254 2792 ugyan-c
1267 2719 1365 2792 Capsa
1379 2718 1410 2774 o's
1424 2721 1503 2776 Faso.

395 2812 490 2868 ll-dik
504 2809 609 2868 anima.
622 2811 649 2868 A
663 2810 791 2868 mdsodilr
804 2808 932 2884 pdlddny
944 2810 1016 2869 islill
1034 2813 1099 2868 lcvd
1112 2810 1139 2866 A
1152 2810 1174 2866 0
1187 2811 1291 2880 D-vel,
1310 2811 1426 2880 melyelr
1440 2827 1503 2882 egpt

391 2902 535 2958 baillenck
545 2901 645 2974 jeleiil,
659 2899 737 2974 hogy
746 2916 901 2974 egysncrrc
910 2901 1018 2958 irattak
1032 2919 1091 2958 sou
1105 2901 1192 2976 egyilr
1201 2899 1327 2972 pdlddny
1339 2921 1357 2956 a
1370 2899 1504 2958 felelrnok

551 2989 689 3047 kiadatva
702 2990 797 3047 iddvel
809 2990 894 3049 isme't
907 3011 922 3048 c
935 2988 1097 3051 levdltirbo
1109 2991 1213 3048 kerlilt.
1233 2991 1346 3060 linoae.)

839 3307 1068 3322 ...ιη-ψ
