3262 5242
367 1225 430 1292 III.
448 1225 556 1290 Bndre
571 1224 678 1312 hardly
693 1249 713 1288 o
733 1225 916 1291 deas-alenai
930 1227 1088 1313 oeadepek
1107 1226 1273 1292 hdrelmdre
1288 1229 1354 1315 re'qi
1370 1227 1484 1292 nivola-

367 1335 522 1420 adyailrat,
538 1336 658 1399 miuron
676 1335 734 1400 IV.
752 1335 833 1400 Belo
850 1339 880 1407 e's
903 1335 938 1400 V.
955 1337 1109 1400 Iatodatdl
1124 1337 1233 1424 kupott
1247 1335 1483 1422 hivdltadqleoe-

365 1442 455 1508 leiket
471 1441 529 1508 IV.
546 1442 661 1508 Ldrzld
675 1443 817 1509 horridos
831 1468 851 1508 o
873 1443 999 1508 tetdrok
1016 1443 1266 1530 eporzrlrorta't,
1293 1448 1329 1531 eij
1344 1443 1483 1510 ololrhaa

692 1553 833 1618 hiododa
848 1553 1031 1639 megerdoiti.
1049 1555 1146 1618 1291.

483 1772 631 1838 Andreas
663 1770 725 1837 Dei
757 1769 868 1856 gracia
892 1770 1302 1857 Hungarie,‘Dalmacie,
1334 1759 1482 1852 Croacie,

362 1879 473 1962 Rame,
486 1879 772 1964 Sarutedallieie,
794 1879 996 1965 Lodomerie,
1008 1881 1165 1948 Cumanis
1176 1931 1184 1965 ,
1204 1881 1482 1964 Bulgarorumque

362 1987 433 2052 Rex
449 1987 599 2054 omnibus
616 1987 737 2056 Christi
763 1985 913 2074 fidelihus
938 1995 1110 2074 presentes
1128 1988 1257 2057 litteras
1281 1988 1481 2072 inspecturis

363 2097 502 2162 salutern
513 2099 546 2163 in
557 2097 697 2162 omnium
708 2097 881 2164 saluatore.
897 2097 949 2164 Ad
960 2096 1098 2183 Regiam
1108 2098 1250 2183 pertinet
1260 2095 1480 2180 Maiestatem,

362 2202 515 2290 precibus
533 2203 797 2273 condescendere
814 2204 1024 2291 subditorum,
1040 2210 1075 2273 ut
1090 2224 1240 2271 numerus
1266 2202 1408 2272 fidelium
1425 2225 1480 2273 au-

361 2321 487 2401 geatur,
505 2321 538 2380 et
555 2315 691 2400 Regalis
707 2315 863 2400 potencia
879 2313 983 2383 lacius
1002 2313 1217 2398 extendatur,
1231 2332 1302 2404 cum
1322 2313 1423 2399 Regis
1438 2315 1480 2380 sit

360 2422 528 2507 proprium
544 2424 579 2491 in
605 2423 810 2491 multitudine
827 2423 940 2510 populi
959 2422 1104 2507 gloriari.
1122 2421 1265 2491 Proinde
1290 2419 1333 2487 ed
1352 2423 1480 2490 uniuer-

362 2547 469 2597 sorum
485 2539 552 2599 tam
568 2533 775 2618 presencium
788 2551 884 2615 quarn
897 2532 1078 2601 futurorum
1088 2533 1243 2600 noticiam
1260 2531 1375 2597 harum
1393 2531 1479 2598 serie

360 2640 511 2707 uolumus
526 2642 711 2728 peruenire,
730 2641 816 2726 quod
827 2641 976 2726 hospites
987 2642 1088 2709 nostri
1105 2640 1146 2707 de
1158 2639 1328 2725 Desalrna,
1346 2642 1389 2707 ad
1405 2661 1478 2708 nos-

344 2753 444 2838 tram
469 2752 666 2839 accedentes
692 2749 898 2835 presenciam
925 2748 1022 2816 nobis
1056 2749 1246 2832 significare
1272 2755 1477 2830 eurauerunt,

361 2858 448 2942 quod
457 2859 632 2945 priuilegia
643 2859 766 2926 domini
776 2859 867 2944 Bele,
879 2857 985 2924 felicis
997 2859 1249 2946 recordacionis,
1263 2865 1296 2925 et
1306 2858 1477 2943 Stephani,

359 2967 472 3035 inclite
488 2969 651 3053 memorie,
676 2969 803 3054 Regum
818 2967 997 3034 Illustrium
1015 2966 1194 3052 Hungarie,
1213 2987 1309 3058 super
1324 2967 1477 3034 libertate
1542 2991 1548 3000 ·
1566 2988 1569 2994 ·

360 3078 482 3146 eorum‘
497 3077 646 3146 conlecta
671 3098 730 3164 per
755 3077 895 3143 insultus
919 3078 1130 3144 Tartarorum
1155 3085 1301 3164 tempore
1328 3076 1478 3142 Ladizlai

335 3190 337 3194 ’
356 3189 460 3272 Regis
478 3183 608 3271 perdita
619 3183 758 3254 fuissent
775 3191 807 3250 et
827 3186 957 3252 amissa.
977 3185 1097 3252 Verum
1109 3207 1181 3252 curn
1197 3205 1257 3254 nos
1269 3186 1378 3253 verbis
1391 3185 1477 3270 ipso·

358 3318 428 3363 rum
444 3295 609 3380 hospitum
626 3301 807 3363 nostrorum
825 3295 859 3362 in
875 3296 938 3364 hac
955 3302 1051 3380 parte
1066 3293 1164 3363 fidem
1182 3294 1350 3361 credulam
1365 3295 1477 3360 nolen-

358 3413 408 3472 tes
425 3402 601 3483 adhiberc,
618 3409 653 3471 et
668 3401 753 3470 scire
772 3403 920 3471 uolentes
939 3404 1159 3471 omnimodam
1176 3403 1348 3469 ueritatem
1364 3402 1399 3468 in
1414 3398 1477 3468 hoc
1528 3416 1532 3422 ·

358 3513 456 3595 facto,
473 3509 626 3582 fidelibus
642 3515 762 3579 nostris
778 3512 960 3580 venerabili
977 3513 1063 3598 patri
1079 3514 1175 3579 Petro
1190 3511 1253 3578 Dei
1269 3511 1382 3596 gracia
1398 3511 1477 3596 Epi·

358 3640 457 3706 scopo
481 3621 635 3688 Albensis
662 3621 812 3688 Ecclesia
829 3619 1139 3688 Transsiluanensis
1166 3626 1198 3686 et
1214 3618 1367 3703 Capitulo
1393 3619 1477 3684 eius-

359 3729 432 3796 dem
449 3728 600 3797 dedimus
616 3728 651 3794 in
668 3729 854 3810 mandatis,
871 3737 907 3797 ut
923 3747 1020 3815 super
1035 3730 1198 3816 premisso
1215 3727 1353 3813 negocio
1363 3776 1372 3811 ,
1398 3713 1476 3793 dili-

358 3839 447 3924 genti
463 3838 678 3922 inquisioione
695 3837 786 3904 tacta
796 3887 804 3920 ,
832 3839 953 3904 scirent
969 3858 990 3904 a
1007 3837 1125 3920 quibus
1144 3836 1238 3902 decet
1255 3835 1476 3902 omnimodam

357 3947 549 4031 ueritatem,
576 3953 615 4016 et¹
628 3953 724 4032 prout
747 3948 827 4032 ipsis
852 3948 976 4014 ueritas
1002 3953 1186 4031 constaret,
1203 3945 1298 4011 nohis
1322 3942 1387 4011 fide
1403 3944 1477 4008 Deo

358 4056 467 4122 dehita
481 4057 720 4123 remandarent.
737 4055 800 4133 Qui
817 4057 947 4140 quidem
965 4055 1165 4122 venerabilis
1182 4060 1276 4141 pater
1294 4060 1327 4119 et
1343 4051 1476 4137 Capitu-

356 4167 422 4231 lum
440 4165 608 4250 eiusdem,
633 4164 730 4232 nobis
747 4185 807 4250 per
822 4166 952 4233 litteras
969 4166 1146 4232 eorundem
1170 4164 1423 4242 remandarent,
1441 4171 1476 4226 ut

358 4274 487 4358 quando
512 4272 639 4358 perfida
657 4294 738 4356 gens
752 4273 935 4352 Tartarica,
953 4293 1024 4340 curn
1047 4273 1135 4341 omni
1150 4255 1272 4337 milicia
1289 4289 1396 4334 eorum
1413 4271 1475 4335 Re-

357 4402 455 4466 gnum
464 4383 632 4466 Hungarie
649 4382 809 4468 adierant,
819 4381 995 4470 priuilegia
1011 4380 1135 4448 domini
1151 4380 1242 4464 Bele,
1259 4385 1292 4444 et
1303 4376 1473 4464 Stephani,

356 4493 482 4575 Regum
499 4491 690 4574 Illustrium,
701 4511 800 4578 super
826 4493 976 4560 libertate
989 4510 1099 4558 eorum
1117 4487 1274 4570 confecta¹
1289 4485 1475 4553 amisissent

356 4601 505 4686 hospites
523 4601 625 4668 nostri
640 4601 819 4670 memorati.
839 4602 910 4668 Nos
926 4600 1037 4681 itaque
1054 4597 1095 4666 de
1116 4596 1342 4664 munificencia
1356 4593 1482 4679 Regali.

356 4711 655 4804 supplicacionibus
682 4712 845 4798 hospitum
874 4690 1058 4778 hostrorum
1084 4705 1124 4775 de
1141 4705 1301 4775 Desakna
1328 4702 1419 4771 iustis
1438 4709 1471 4770 et
