3188 5238
568 325 723 434 2⁵.-

94 533 123 597 ct
136 525 299 598 Johanem
315 527 451 598 fratrem
474 547 567 598 suum
594 549 633 598 ae
659 529 802 600 eiusdem
825 529 963 601 heredes
988 531 1030 599 ab
1057 528 1208 600 omnibus

92 638 321 722 inquietasset
345 639 524 707 molestare
550 639 736 708 volentibus
759 638 913 726 expedire
938 639 1080 725 propriJs
1097 659 1206 708 eorum

92 748 258 817 laboribus
275 755 307 814 et
331 748 495 836 expensis.
518 745 554 814 In
581 747 676 835 cujus
699 747 748 814 rei
764 749 952 816 memoriam
968 754 1064 832 atque
1080 747 1206 815 uberio-

93 877 158 923 rem
172 859 332 924 cautelam
350 862 521 943 presentes
537 855 757 923 concessimus
774 856 901 923 litteras
918 855 1018 943 sigilli
1033 858 1137 923 nostri
1153 875 1208 922 au-

93 965 225 1032 thentici
251 966 424 1033 munimine
441 966 623 1032 roboratas.
644 964 766 1032 Datum
782 963 815 1030 in
833 965 956 1033 octavis
972 965 1067 1034 Beati
1082 965 1205 1032 Micha-

92 1075 149 1140 elis
165 1075 379 1160 Archangeli,
389 1073 533 1142 secundo
543 1073 658 1140 Nonas
669 1071 825 1142 Octobris
841 1095 927 1143 anno
937 1074 1069 1143 Domini
1078 1075 1128 1142 Μ0
1137 1073 1207 1142 &0⁰

90 1182 304 1267 nonagesimo
325 1185 437 1249 teroio.

275 1414 421 1488 (Eredetie
436 1436 453 1475 a
467 1417 627 1490 vsszpremi
640 1417 783 1489 ltptalan
796 1413 1019 1487 levelttrtban.)

85 2629 174 2693 Μάιέ
188 2625 310 2712 tirclpi
321 2593 600 2711 fb'loodozmestera
604 2625 762 2710 possooyc'
772 2622 922 2712 fbc‘spdru
939 2627 969 2689 ce
980 2624 1068 2692 dek
1076 2625 1138 2690 loir.
1148 2625 1202 2710 fb-

78 2735 273 2823 sepyoerntilr
297 2756 318 2796 a
339 2733 486 2820 pozooapi
504 2731 698 2817 polpu'rokat
722 2732 846 2818 sescay
860 2734 978 2820 jopoik
1002 2732 1203 2820 pyaleorlatd-

389 2840 449 2904 bun
465 2840 652 2926 bzroctrjctk.
679 2841 777 2906 1293.
802 2839 903 2904 leot.

189 3093 360 3164 Vniuersis
377 3091 500 3160 Christi
513 3089 667 3160 fidelibus
677 3099 846 3177 presente
864 3089 992 3160 litteras
1009 3093 1203 3179 inspecturis

81 3205 233 3274 llathcus
248 3205 446 3287 Agasonum‚
465 3199 584 3268 (lomes
610 3200 831 3284 Posoniensis‚
857 3207 891 3266 et
907 3201 1023 3268 Cbaak
1039 3200 1203 3270 Ensifero

81 3335 147 3382 rum
164 3311 320 3396 Magistri
337 3309 458 3375 domini
475 3309 596 3394 Regis,
622 3307 760 3376 salutem
787 3309 820 3373 in
836 3307 987 3376 Domino.
1004 3309 1057 3375 Ae
1075 3311 1202 3376 uniuer-

81 3443 192 3489 sorum
209 3420 366 3486 noticiam
392 3427 504 3484 tenore
522 3417 727 3502 presencium
754 3418 903 3485 volumus
917 3417 1097 3506 peruenire,
1116 3418 1202 3503 quod

83 3553 141 3598 nos
161 3529 309 3618 judicem
336 3535 369 3592 et
390 3529 563 3595 uniuersos
580 3527 769 3594 coniuratos
787 3546 825 3592 ac
846 3528 934 3593 ciues
952 3526 993 3594 de
1010 3529 1152 3595 Posonio
1169 3528 1203 3595 in

81 3641 223 3726 propriis
239 3637 369 3724 legibus
395 3637 572 3703 eorundem
590 3643 624 3702 et
640 3635 789 3722 iuribus,
815 3655 874 3718 per
888 3636 1201 3704 Excellentissimum

81 3749 250 3815 dominum
275 3751 420 3810 nostrum
449 3742 615 3810 Andream
647 3743 710 3809 Dei
735 3742 850 3827 gracia
881 3744 1044 3810 Illustrem
1076 3745 1200 3829 Regem

80 3856 251 3943 Hungarie
268 3853 390 3920 eisdem
407 3851 587 3936 concessis,
605 3851 769 3917 mediante
781 3849 847 3916 fide
864 3857 979 3918 nostra
994 3851 1199 3938 promisimus

80 3972 110 4032 et
125 3961 349 4049 promittimus
374 3977 580 4044 conseruare,
596 3958 749 4025 vniucrsa
775 3959 846 4024 iura
865 3956 899 4023 in
923 3957 1056 4043 nauigio
1081 3963 1196 4042 portus

79 4070 222 4140 Pernald
240 4091 311 4138 cum
328 4069 437 4136 nautis
463 4074 496 4132 et
511 4067 651 4133 nauibus
671 4068 742 4133 siue
760 4065 880 4132 earinis
897 4073 996 4150 atque
1013 4067 1128 4151 quouis
1145 4067 1197 4132 tri·
1219 4125 1222 4130 .

79 4182 167 4263 buto,
184 4187 220 4246 et
230 4177 374 4245 thelonio
383 4177 416 4244 in
428 4175 569 4260 quadam
581 4175 791 4260 possessione
802 4173 930 4259 Zeplak
941 4181 1069 4261 vocata,
1082 4184 1115 4240 et
1127 4175 1198 4258 qui·

79 4289 225 4356 buslibet
240 4285 437 4352 utilitatibus
454 4284 598 4354 eiusdem
616 4282 846 4372 possessionis,
860 4280 980 4350 eisdem
998 4283 1124 4350 ciuibus
1141 4304 1198 4369 pa·

79 4397 170 4464 cifiee
187 4395 420 4481 permittendo.
437 4395 481 4461 Ut
505 4399 613 4461 autem
630 4391 730 4477 ijdem
747 4390 786 4456 de
806 4389 991 4476 huiusmodi
1007 4393 1195 4478 promissio·

78 4505 171 4572 nibus
197 4503 319 4570 nostris
344 4503 523 4570 reddantur
539 4501 694 4567 certiores
711 4500 754 4568 acl
769 4498 867 4567 robur
886 4499 989 4585 ipsius
1005 4503 1195 4585 pleniorem-

79 4631 140 4700 que
157 4613 348 4680 firmitatem
367 4617 535 4696 presentes
550 4609 677 4676 litteras
694 4613 825 4676 nostras
843 4608 963 4675 eisdem
978 4610 1195 4678 concessimus
