3166 5238
857 337 1012 439 m.-

377 537 447 598 tate
473 533 618 620 gaudent
643 535 731 603 ciues
749 537 986 619 Posonienses,
1015 539 1190 603 secundum
1217 535 1302 620 quod
1326 539 1358 603 in
1383 559 1482 605 eorum

375 639 560 726 priuilegijs
576 647 767 710 continetur.
784 645 835 708 lta
851 653 980 728 tamen,
1007 645 1099 738 quod.
1110 663 1169 730 pro
1186 647 1333 728 quolibet
1349 646 1483 712 cibrione

376 747 507 815 soluent
524 750 666 836 quinque
684 755 867 838 quartalia,
886 753 1063 821 secundum
1081 755 1165 835 quod
1182 756 1214 820 in
1231 755 1370 822 Posonio
1386 761 1418 820 et
1431 775 1483 839 per

378 863 481 924 totam
500 863 619 928 terram
648 864 775 930 soluere
793 869 1036 931 consueuerant.
1062 865 1100 928 ln
1117 865 1208 931 cuius
1234 865 1283 930 rei
1309 864 1484 931 memoriam

376 974 547 1054 presentes
564 969 714 1037 dedimus
731 971 858 1038 litteras
876 971 974 1056 sigilli
991 973 1094 1038 nostri
1116 973 1292 1038 munimine
1311 975 1483 1050 roboratas,

377 1095 464 1142 anno
480 1077 612 1143 Domini
630 1081 800 1146 millesimo
825 1080 1046 1148 ducentesimo
1065 1081 1280 1164 nonagesimo
1308 1085 1409 1148 sexto.
1426 1081 1482 1146 Da·

376 1191 444 1250 tum
461 1185 545 1252 feria
561 1189 705 1255 secunda
721 1195 794 1272 post
813 1190 1017 1258 Dominicam
1038 1189 1190 1258 Jubilatc.

377 1414 520 1490 (Htrtya;
534 1418 712 1476 vitriis-fehlt
726 1423 878 1493 selyemrlil
891 1419 980 1498 tuggo
994 1421 1029 1496 ep
1040 1422 1192 1496 peesettel.
1207 1420 1483 1494 Pozsonyktptalani

493 1508 629 1582 orsaigos
639 1510 768 1570 leveltalr.
783 1511 879 1585 Capsa
891 1513 968 1570 XIV.
982 1515 1066 1572 Fasc.
1080 1515 1121 1570 17.
1135 1516 1203 1572 Nro.
1219 1515 1244 1570 7.
1264 1515 1377 1582 Kaous.)

800 1831 1071 1842 ——n-——n—-a

894 2449 972 2516 105.

382 2669 464 2732 Irare
478 2677 587 2732 moster·
601 2667 782 2751 asatorpomi
793 2667 922 2750 propiost
931 2687 952 2728 a
961 2668 1127 2750 oeszpreoai
1136 2665 1261 2751 pilspolc
1271 2667 1302 2728 o‘e
1317 2687 1353 2727 oz
1367 2663 1485 2730 conda

381 2775 536 2859 ltoiptalaa
551 2771 620 2836 leozc
636 2793 657 2832 a
671 2770 769 2834 budoi
794 2771 913 2835 tizodet
929 2771 1107 2856 tetupydbou
1125 2769 1246 2856 lefoly6
1255 2770 1379 2856 parbem,
1399 2771 1485 2834 Ludo

381 2884 446 2946 mer
462 2881 547 2946 treet
564 2879 812 2945 lotdrozotriaolr
823 2877 963 2964 folytda,
981 2901 1001 2940 a
1018 2879 1175 2964 lotdraop
1191 2879 1412 2945 eltalaeztctedt
1424 2900 1483 2941 roa-

846 2986 922 3051 delc‘.
939 2989 1035 3052 1295.

489 3205 557 3270 Nos
572 3205 730 3291 Magister
750 3204 918 3292 Emyrious
934 3205 1125 3288 Propositus
1143 3204 1291 3272 Ecclesie
1308 3201 1417 3270 Sancti
1432 3201 1482 3266 (ie-

383 3313 465 3397 orgii
481 3315 523 3380 de
540 3313 715 3397 Strigonio‚
728 3311 830 3396 judex
846 3335 866 3378 a
884 3313 970 3380 Sede
986 3314 1179 3397 Apostolica
1195 3313 1299 3382 inhao
1311 3332 1410 3380 eausa
1423 3331 1483 3396 spe-

384 3423 509 3492 cialiter
535 3422 705 3506 delegatus
730 3422 886 3489 memorie
912 3424 1028 3488 damus
1054 3443 1112 3507 per
1137 3429 1326 3507 presentes,
1355 3420 1435 3506 quod
1457 3420 1483 3482 in

384 3550 494 3611 eausa,
513 3551 610 3615 qnam
626 3531 782 3616 magister
801 3531 951 3616 Mychael
977 3531 1164 3616 Propositus
1182 3537 1213 3594 et
1238 3530 1420 3616 Capitulum
1434 3530 1483 3590 Bu·

290 3665 291 3670 ¹
385 3638 506 3720 dense,
533 3658 573 3704 ex
590 3639 704 3720 quibus
721 3637 871 3723 magistri
886 3637 932 3704 St.
949 3640 1104 3706 Decanus
1121 3643 1154 3703 et
1169 3637 1306 3702 Lukach
1326 3635 1483 3704 Budenses

384 3747 542 3814 Canonici
558 3767 629 3812 oum
650 3747 768 3812 litteris
785 3748 1013 3830 procuratoriis
1038 3747 1220 3827 astiterunt,
1238 3750 1350 3812 eontra
1365 3761 1483 3810 venera·

383 3857 483 3924 bilem
498 3861 623 3940 patrem
642 3857 676 3918 Β.
693 3853 756 3919 Dei
766 3855 880 3940 gracia
891 3855 1085 3942 Episcopum
1097 3853 1371 3939 Vesprimiensem
1389 3859 1420 3918 et
1434 3850 1483 3916 Oa-

383 3965 518 4048 pitulnm
534 3964 598 4031 loci
615 3961 771 4046 ejusdem,
782 3984 848 4051 'pro
868 3965 983 4045 quibus
1001 3971 1032 4028 et
1050 3963 1222 4044 exquibus
1239 3963 1353 4027 Petrus
1378 3960 1483 4026 Cantor

382 4072 532 4139 Ecclesie
548 4071 809 4155 Vesprimiensis‚
821 4079 853 4138 et
865 4072 1082 4138 Gerekminus
1095 4071 1247 4138 Decanus
1259 4070 1405 4136 similiter
1423 4084 1482 4131 com

383 4178 527 4262 legitimo
553 4179 772 4262 procuratorio
799 4189 1040 4263 comparentem
1059 4175 1145 4265 (igy)
1171 4181 1204 4243 in
1230 4177 1357 4246 octauis
1383 4169 1483 4243 Sancti

385 4286 485 4368 Regis
497 4287 656 4369 Stephani
670 4306 781 4352 eoram
792 4288 887 4354 nobis
904 4295 936 4353 et
947 4289 1020 4355 aliis
1032 4288 1169 4370 collegis
1186 4287 1303 4352 nostris
1320 4285 1480 4359 habebant,

385 4392 509 4457 litteras
534 4395 731 4461 venerabilis
748 4395 851 4478 patris
868 4394 1054 4463 Lodomerii
1072 4395 1307 4480 Strigoniensis
1326 4388 1482 4474 Archiepi·

386 4503 487 4581 scopi,
505 4501 627 4566 domini
644 4504 754 4581 nostri,
768 4504 1029 4584 procuratoribus
1046 4503 1192 4588 ejusdem
1210 4502 1369 4569 Budensis
1386 4496 1480 4564 lisele·

387 4607 436 4675 sie
452 4607 616 4674 exhibitas
630 4613 811 4692 recepimus
827 4612 887 4676 sub
907 4614 968 4676 hae
984 4613 1091 4679 forma
1107 4636 1115 4678 :
