3262 5242
577 313 732 414 Α

62 545 64 551 ,
107 529 174 576 mus
183 561 193 596 ,
219 509 405 580 diseretioni
421 516 476 579 tue
502 530 560 598 per
577 511 769 596 Apostolioa
786 510 909 594 seripta
930 507 1065 577 firmiter
1079 506 1218 595 precipi-

108 620 186 686 endo
201 621 416 705 mandamus,
435 627 595 705 quatenus
613 622 654 689 de
672 620 808 687 oonsilio
826 619 1008 701 aliquorum
1025 619 1160 685 fratrum
1176 617 1219 682 di-

105 733 277 797 seretornm
294 730 340 795 tui
358 729 490 798 Ordinis
507 729 613 812 eligas
631 730 711 798 duos
727 731 768 796 de
789 728 945 795 fratribus
962 725 1108 820 eiusdem
1125 723 1218 792 Ordi-

103 837 149 906 nis
164 843 219 906 tue
235 837 543 924 administrationis,
559 839 708 926 ydoneos
725 837 768 906 ad
779 836 967 906 huiusmodi
984 854 1065 925 opus
1082 834 1219 902 domini·

105 967 171 1013 oum
199 945 438 1028 exercendum,
465 951 521 1032 qui
546 948 701 1016 videlieet
728 948 795 1016 sint
818 945 888 1015 vita
914 955 947 1014 ot
973 947 1220 1015 conversatione

104 1055 240 1142 probati,
257 1057 438 1124 litterarum
457 1058 596 1126 seientia
620 1056 760 1144 prediti,
787 1063 820 1126 et
845 1058 989 1140 regionis
1009 1055 1079 1124 sive
1095 1055 1221 1142 provin·

104 1163 149 1229 eie
180 1164 311 1249 prefate
334 1166 521 1252 ydeomatis
544 1186 609 1232 non
632 1165 760 1252 ignari,
795 1165 908 1248 eisque
932 1163 965 1229 in
995 1163 1116 1230 virtute
1141 1164 1221 1229 obe-

105 1268 222 1340 dientie
257 1272 409 1343 districte
435 1275 629 1361 Apostolioa
662 1275 833 1360 preripere
872 1273 1073 1343 anctoritate
1108 1292 1224 1360 procu-

105 1399 172 1464 res,
199 1389 234 1447 nt
256 1382 477 1468 inquisitionis
494 1381 637 1451 oflioium
654 1383 687 1449 in
703 1383 792 1450 dieto
818 1382 1011 1468 Prinoipatu
1035 1387 1150 1449 eontra
1165 1380 1221 1448 he-

27 1511 30 1520 ·
105 1489 240 1575 retioos,
267 1491 458 1576 eredentes,
479 1491 643 1578 fautores,
669 1491 861 1559 defensores
879 1497 912 1558 et
926 1494 1151 1576 receptatores
1168 1507 1220 1556 eo-

105 1618 168 1665 rnm
195 1599 288 1669 iuxta
312 1601 449 1668 formam
468 1601 502 1666 in
525 1601 601 1668 aliis
627 1601 748 1668 nostris
765 1599 882 1666 litteris
900 1588 1112 1684 expressam,
1138 1617 1221 1682 quas

109 1709 259 1778 iratribus
289 1709 430 1804 predicti
462 1709 597 1778 Ordinis
628 1709 879 1794 inquisitoribus
912 1709 1097 1776 huiusmodi
1114 1705 1221 1794 pravi-

109 1817 182 1882 tatis
209 1819 244 1886 in
272 1819 458 1904 Principatu
485 1820 600 1886 eodem
618 1820 813 1888 auctoritate
838 1818 1032 1904 Apostolioa
1063 1816 1221 1903 deputan-

109 1923 173 2009 dis,
200 1948 267 1996 non
286 1927 451 2016 expressis
469 1929 651 2012 aliquorum
678 1929 883 2012 nominibus,
909 1947 1008 2014 super
1031 1923 1222 2011 exequendo

107 2033 188 2100 dioto
204 2035 434 2118 Inquisitionis
452 2039 558 2104 offioio
576 2037 800 2122 destinamus,
828 2037 946 2118 exequi
963 2034 1119 2104 studeant
1144 2032 1222 2099 dili-

108 2149 223 2230 genter.
240 2143 311 2212 Nos
328 2144 414 2210 enim
440 2145 610 2228 predictos
630 2145 715 2214 duos
731 2147 858 2231 fratres,
884 2163 963 2229 qnos
980 2145 1022 2211 ad
1037 2146 1100 2212 hoe
1117 2141 1223 2224 elege-

108 2251 172 2335 ris,
197 2249 230 2319 et
248 2259 419 2336 utrumque
444 2253 609 2340 ipsorum,
637 2257 801 2340 prefatum
828 2252 972 2321 officium
997 2253 1115 2335 exequi
1131 2251 1223 2316 iuxta

108 2357 238 2428 formam
255 2363 288 2428 in
304 2363 423 2430 litteris
440 2364 522 2448 ipsis
538 2383 741 2450 expressam,
759 2383 798 2429 ao
815 2364 906 2450 ipsos
921 2363 1012 2430 illam
1027 2364 1223 2447 potestatem

109 2472 380 2558 etauctoritatem
396 2473 545 2560 plenarie
561 2471 683 2540 habere
699 2474 866 2554 volumus,
896 2491 959 2555 que
975 2471 1009 2537 in
1035 2467 1158 2537 eisdem
1173 2467 1223 2536 lit·

109 2579 182 2645 teris
199 2580 416 2648 eontinentur.
445 2580 480 2648 Si
496 2600 574 2649 vero
592 2587 627 2647 tu
636 2633 644 2666 ,
669 2584 722 2650 vel
738 2580 888 2652 Vioarius
905 2591 1001 2666 tuus,
1027 2585 1059 2648 te
1076 2577 1222 2659 absente,

111 2687 249 2769 aliquem
264 2687 494 2772 Inquisitorem
518 2689 703 2757 huiusmodi
723 2707 765 2754 ex
787 2690 899 2773 aliqua
917 2689 1004 2757 sorte
1020 2707 1121 2756 eausa
1144 2706 1223 2753 non·

110 2813 268 2879 nunquam
284 2797 355 2864 fore
371 2797 524 2866 videbitis
540 2799 763 2879 amovendum,
781 2799 887 2884 ipsum
899 2796 1082 2867 amoveatis
1101 2803 1135 2862 et
1150 2796 1223 2862 sub-

110 2905 249 2974 stituatis
266 2909 338 2974 loeo
354 2909 424 2974 eius
439 2909 560 2994 alium,
577 2927 672 2996 quem
690 2907 830 2976 similem
845 2912 1047 2992 potestatem
1063 2911 1097 2972 et
1112 2909 1222 2974 aueto-

110 3011 236 3082 ritatem
253 3016 378 3084 habere
404 3019 573 3101 volumus,
598 3017 751 3103 quotiens
771 3017 865 3085 vobis
890 3015 1126 3082 deliberatione
1152 3033 1223 3080 eum
1319 3055 1324 3067 .

111 3121 270 3205 aliquibus
287 3124 440 3193 diseretis
457 3125 613 3192 fratribus
631 3123 711 3190 dieti
730 3121 863 3190 Ordinis
878 3123 1060 3208 prehabita,
1076 3124 1138 3190 hoe
1153 3121 1223 3188 fore

112 3229 271 3299 ridebitur
286 3235 483 3302 laciendum.
499 3236 543 3300 Et
559 3232 588 3300 si
604 3234 758 3318 aliquem,
776 3235 830 3300 vel
845 3233 975 3315 aliquos
993 3232 1224 3316 Inquisitorum

112 3335 263 3427 ipsorum,
282 3341 443 3410 desedere
460 3342 544 3410 forte
561 3339 754 3428 eontigerit,
773 3360 834 3408 nos
852 3340 1071 3408 substituendi
1094 3339 1135 3405 de
1152 3356 1224 3403 oon·

112 3445 177 3514 silio
193 3450 378 3534 aliquorum
404 3453 620 3520 discretorum
647 3450 783 3519 fratrum
801 3449 946 3518 eiusdem
972 3448 1100 3516 Ordinis
1123 3449 1224 3516 alium

111 3557 159 3622 rel
173 3559 258 3628 alios
276 3562 348 3628 loeo
364 3561 451 3629 illius
467 3562 520 3628 vel
536 3560 675 3642 illorum,
689 3558 744 3642 qui
760 3559 973 3642 decesserint,
999 3559 1046 3625 ita
1064 3557 1151 3642 quod
1166 3557 1223 3624 hu·

111 3661 244 3733 iusmodi
270 3669 438 3736 substituti
465 3666 589 3736 eisdem
614 3667 746 3734 omnino
771 3666 966 3734 auctoritate
992 3685 1033 3732 ae
1060 3671 1224 3750 potestate

112 3773 292 3863 fungantur,
310 3779 372 3846 tibi
387 3779 540 3860 dictoque
556 3775 709 3856 Vinaria,
726 3775 806 3844 situ
824 3773 948 3860 absens
968 3775 1076 3860 fueris,
1092 3777 1224 3860 plenam

113 3891 142 3948 et
155 3886 291 3955 liberam
308 3889 516 3956 eonoedimns
533 3891 645 3954 tenore
662 3886 862 3972 presentium
879 3883 1085 3954 facultatem·
1104 3885 1224 3950 Datum

113 3997 194 4080 apud
210 3995 489 4068 Urbem-Veterem
506 3996 550 4062 X.
561 3993 725 4064 kalendas
742 3993 875 4078 Aprilis,
892 3992 1103 4060 Pontificatus
1121 3991 1224 4059 nostri

111 4122 192 4184 anno
213 4114 339 4191 quarto.

208 4303 266 4378 (IV.
280 4304 388 4362 Miklos
402 4301 479 4378 papa
492 4299 683 4376 Regestdibdl
702 4298 827 4359 Theiner
840 4299 878 4357 id.
889 4319 926 4358 m.
940 4299 961 4356 Ι.
974 4299 1003 4360 k.
1016 4299 1077 4356 378.
1091 4297 1123 4371 l.)

532 4597 788 4613 mnan—an*
