3188 5238
339 491 444 562 sossio
459 485 665 567 attinuisset,
690 488 723 548 et
738 481 780 548 ab
796 477 877 565 ipsis
893 476 1009 544 luisset
1025 477 1188 560 alienata,
1214 480 1250 546 in
1266 481 1368 546 nostri
1383 501 1468 568 pre-

340 599 450 668 sencia
465 613 524 681 per
539 594 631 680 ipsos
647 591 690 656 ab
707 591 779 676 ipso
797 587 944 670 Nicolao‚
962 588 1104 673 receptis
1115 587 1346 656 nichilominus
1363 607 1473 658 sexa-

341 709 434 794 ginta
449 702 581 786 marcis,
598 704 704 786 ipsam
720 697 964 783 possessionem
989 696 1122 780 prefato
1140 696 1295 782 Nycolao
1312 718 1353 766 ex
1370 698 1473 765 bona

340 833 451 881 eornm
467 811 646 892 uoluntate,
664 814 696 873 et
712 805 779 871 snis
794 803 981 886 heredibus,
999 801 1221 890 heredumque
1242 823 1372 872 suorum
1389 826 1473 874 suc·

341 921 526 992 cessoribus
541 925 698 1008 perpetuo
714 912 949 1000 possidendam
967 931 1038 978 cum
1055 913 1121 978 suis
1142 914 1293 982 omnihus
1310 915 1473 982 utilitati·
1591 903 1592 908 ’

340 1037 400 1102 bus
416 1038 449 1098 et
467 1026 680 1116 pertinenciis
697 1029 878 1093 statuerunt
893 1023 991 1108 pleno
1010 1023 1090 1107 iure,
1108 1029 1205 1109 prout
1221 1043 1261 1088 ex
1278 1025 1474 1093 donacione
1590 1035 1592 1110 l

340 1138 511 1208 memorati
535 1134 655 1202 domini
672 1132 830 1219 Stephani
845 1131 946 1215 Regis
961 1129 1158 1198 dinosscitnr
1176 1132 1384 1218 possedisse,
1407 1152 1474 1198 ne·
1590 1123 1592 1218 i

342 1249 429 1316 mine
446 1241 698 1324 contradicente,
715 1240 880 1306 submotis
896 1245 929 1304 et
945 1237 1091 1304 terminis
1108 1238 1340 1323 infrascriptis,
1357 1261 1400 1307 ex
1419 1247 1476 1308 te·
1591 1285 1592 1322 ,

341 1375 421 1424 nore
436 1349 572 1440 predicti
597 1347 764 1435 priuilegii
785 1347 865 1442 dicti
890 1347 1012 1415 domini
1038 1345 1199 1432 Stephani
1224 1351 1325 1431 Regis
1352 1356 1476 1415 extra·
1590 1343 1592 1374 ¹

342 1464 404 1534 etis
420 1469 452 1531 et
465 1459 642 1545 rescriptis.
658 1457 803 1537 Quarum
826 1455 930 1542 prima
945 1455 1070 1540 incipit,
1096 1455 1172 1523 dum
1192 1456 1335 1523 exiretur
1351 1458 1394 1525 de
1409 1456 1476 1523 flu·
1591 1449 1592 1462 ¹

342 1573 397 1643 uio
407 1574 564 1640 Borsuaa
582 1575 674 1653 parte
690 1563 780 1632 fluuii
796 1563 979 1647 Pasuncha,
995 1561 1051 1628 ubi
1076 1570 1248 1650 separatur
1264 1585 1285 1630 a
1301 1565 1412 1652 Bereg
1437 1576 1477 1634 et
1591 1563 1592 1608 ³

343 1679 532 1766 adiungitur
542 1674 742 1762 possessioni
752 1671 868 1759 Regali
879 1670 988 1740 Ordou
998 1677 1133 1756 uocate3
1151 1670 1272 1739 deinde
1281 1693 1340 1757 per
1357 1673 1475 1759 ipsum

342 1788 475 1858 fluuium
491 1783 651 1854 currendo
667 1783 701 1848 in
715 1780 900 1848 inferiorem
926 1786 1048 1865 partem
1075 1779 1167 1847 cadit
1190 1780 1225 1845 in
1241 1779 1376 1848 fluuium
1401 1781 1476 1852 Be-

342 1897 458 1979 herke,
475 1901 508 1961 et
522 1913 581 1980 per
597 1892 703 1976 ipsum
718 1888 850 1955 fluuium
865 1887 1001 1956 inferius
1019 1889 1129 1956 eundo
1149 1891 1301 1974 peruenit
1318 1890 1361 1956 ad
1380 1890 1476 1958 duos

343 2005 460 2073 fluuios
477 2000 692 2084 Kethchenge
710 2004 866 2078 nocatos;
883 1994 1032 2062 exeundo
1043 2002 1153 2064 antem
1170 1998 1290 2078 deinde
1306 2006 1382 2064 sunt
1400 2000 1479 2068 due

345 2121 432 2184 mete
448 2119 570 2195 terree;
597 2115 629 2174 et
646 2105 778 2173 abhinc
804 2105 910 2187 uergit
927 2103 970 2170 ad
986 2105 1163 2190 orientem,
1190 2111 1223 2170 et
1248 2107 1400 2190 peruenit
1423 2109 1477 2175 ad

346 2225 501 2292 minorem
518 2219 650 2287 fluuium
674 2216 815 2298 change,
832 2216 888 2282 ubi
908 2216 980 2300 ipse
995 2215 1113 2282 fluuius
1139 2217 1316 2304 transitur;
1342 2219 1478 2285 abhinc

346 2330 515 2420 pergendo
531 2331 595 2396 itur
611 2345 672 2412 per
689 2324 892 2410 superiorem
911 2329 1040 2408 partem
1056 2323 1141 2390 silue
1156 2324 1231 2407 Byh
1256 2325 1379 2394 dietam
1396 2346 1479 2393 uer·

346 2462 403 2510 sus
419 2439 588 2518 orientem,
605 2433 661 2500 ubi
678 2434 865 2517 peruenitur
875 2432 920 2500 ad
935 2432 1096 2516 quendam
1107 2443 1262 2516 montem,
1279 2439 1312 2498 et
1324 2434 1373 2497 ibi
1390 2441 1480 2500 sunt

347 2553 380 2618 in
398 2563 557 2614 asscensu
573 2542 726 2610 eiusdem
742 2540 864 2608 montis
881 2541 944 2608 due
960 2546 1045 2606 mete
1061 2545 1187 2627 terree;
1215 2540 1332 2606 deinde
1348 2563 1479 2627 parum

348 2651 515 2746 pergendo
531 2650 682 2738 peruenit
697 2649 743 2715 ad
758 2649 860 2734 uiam,
873 2668 937 2732 que
953 2649 1114 2718 Warutha
1124 2648 1259 2737 dicitur3
1278 2651 1399 2716 exinde
1410 2672 1479 2718 ua-

348 2766 397 2834 dit
413 2762 457 2831 ad
483 2763 614 2848 syluam
638 2757 854 2844 Kerezthbyk
870 2758 1010 2840 dictam,
1036 2777 1133 2840 quam
1158 2760 1276 2826 mansit
1299 2761 1408 2826 eundo
1428 2759 1480 2825 ad

347 2878 475 2962 partem
491 2866 754 2951 meridionalem
782 2865 902 2930 abhinc
919 2866 1013 2932 uadit
1028 2866 1074 2932 ad
1099 2866 1264 2950 quendam
1286 2870 1395 2933 locum
1410 2865 1480 2932 fln-

347 2983 404 3068 nij,
422 2979 477 3064 qui
487 2977 748 3045 Ilounukeurene
759 2974 956 3061 appellatur,
969 2972 1025 3038 uhi
1035 2976 1069 3041 in
1079 2973 1215 3042 introitu
1232 2975 1480 3043 silnellounuk

349 3095 424 3158 sunt
438 3086 501 3155 due
525 3091 612 3150 mete
637 3092 762 3166 terree;
788 3081 911 3151 abhinc
937 3101 1015 3150 uero
1031 3083 1152 3150 transit
1176 3082 1220 3150 ad
1244 3086 1351 3152 locum
1369 3083 1479 3170 hylc-

348 3197 472 3266 lnchlxa
487 3195 629 3276 dictum,
657 3198 689 3257 et
707 3190 814 3277 ipsum
830 3193 940 3258 locum
955 3191 1158 3258 transeundo
1183 3193 1248 3258 itur
1263 3193 1307 3258 ad
1331 3189 1481 3260 fluuium

348 3306 455 3373 Belua
469 3307 639 3382 uocatum3
657 3299 778 3367 deinde
795 3300 888 3366 uadit
903 3298 947 3364 ad
963 3298 1268 3385 Ghalxanegefoka,
1297 3304 1330 3375 et
1345 3300 1481 3367 abhinc

350 3416 413 3480 itur
430 3412 471 3478 ad
486 3414 613 3497 partem
628 3408 887 3491 meridionalem,
903 3406 960 3472 nbi
976 3413 1184 3493 separatura
1201 3414 1291 3476 terra
1306 3403 1420 3476 Ordou
1441 3415 1481 3476 et

350 3519 539 3604 adiungitur
563 3527 649 3584 terre
667 3515 870 3598 Werbeuch;
894 3516 1065 3584 etexinde
1090 3515 1302 3601 procedendo
1318 3517 1480 3600 peruenit

350 3630 396 3699 ad
409 3635 563 3714 stagnum
578 3628 807 3694 Kendurattou
828 3631 992 3707 uocatum,
1008 3625 1065 3692 ubi
1082 3631 1162 3692 sunt
1178 3625 1244 3691 dne
1260 3630 1345 3691 mete
1361 3631 1481 3693 terrea

350 3743 484 3824 aparte
508 3735 722 3820 occidentali;
748 3734 868 3802 abhinc
894 3733 988 3802 uadit
1006 3733 1051 3801 ad
1066 3731 1175 3820 uiam,
1198 3753 1261 3818 que
1287 3733 1329 3800 de
1354 3733 1484 3799 eadem

351 3846 433 3914 villa
457 3843 708 3928 Felxetenpotok
724 3842 834 3925 uenit,
859 3842 916 3908 ubi
938 3841 1128 3926 adiungitur
1155 3841 1244 3909 lacui
1268 3842 1482 3926 Alcalpotolx

352 3951 431 4020 dieti
439 4004 449 4039 ,
472 3953 528 4035 qui
553 3950 644 4017 cadit
667 3951 701 4017 in
716 3950 853 4017 fluuium
877 3949 1081 4031 Werbeuch,
1098 3948 1141 4015 de
1157 3967 1224 4032 qno
1239 3949 1336 4016 fluuio
1352 3970 1482 4035 parum

353 4060 459 4129 eundo
475 4065 648 4144 separatur
673 4080 695 4126 a
710 4067 798 4126 terra
814 4056 1007 4140 Werbeuch,
1025 4064 1058 4124 et
1077 4057 1269 4141 adiungitur
1284 4063 1369 4126 terre
1385 4059 1482 4139 lson,

353 4169 395 4236 de
410 4188 475 4252 qna
491 4167 525 4233 in
539 4166 671 4253 pascuis
697 4165 864 4251 pergendo
888 4165 981 4240 uadit
1001 4182 1115 4232 uersus
1132 4164 1331 4250 aquilonem,
1348 4172 1382 4233 et
1397 4187 1481 4251 per-

355 4276 443 4342 uenit
458 4274 502 4344 ad
516 4276 649 4345 fluuium
665 4275 767 4341 Zalua
783 4275 932 4362 nomine;
959 4271 1077 4342 exinde
1093 4293 1171 4343 uero
1185 4273 1231 4340 ad
1246 4280 1375 4358 partem
1390 4275 1482 4344 infe·

356 4382 475 4449 riorem
484 4402 588 4466 usque
598 4390 749 4468 stagnum
759 4383 882 4449 Prenez
902 4379 1025 4449 dietam
1042 4381 1148 4450 eundo
1160 4383 1280 4450 transit
1295 4384 1339 4451 ad
1353 4391 1487 4454 terram

339 4494 492 4566 Koauou
508 4489 641 4567 dictam,
658 4509 720 4573 que
730 4499 781 4556 est
790 4490 957 4574 possessio
967 4489 1121 4576 Regalis3
1138 4487 1230 4556 stab
1246 4491 1360 4558 eadem
1377 4501 1484 4577 parte

355 4596 520 4680 aquilonis
534 4597 682 4683 peruenit
706 4599 749 4666 ad
764 4599 873 4666 lacum
897 4598 1007 4667 Ataab
1024 4599 1158 4686 dictum,
1176 4605 1210 4667 et
1225 4619 1284 4686 per
1300 4601 1405 4687 ipsum
1422 4603 1476 4672 la·
