3166 5238
664 963 732 1027 151.

132 1161 163 1226 A
176 1163 267 1226 odczi
283 1159 438 1245 lodptoloa
446 1159 580 1246 jacuti,
602 1160 681 1244 bopy
697 1180 718 1220 a
734 1159 1020 1223 bttldosaalcosztctt
1036 1167 1067 1222 ‘o't
1092 1159 1263 1225 birtokrdsz

130 1271 220 1334 irritat
237 1267 374 1334 lotcercdd
399 1268 519 1331 astarot
541 1289 563 1328 a
573 1266 744 1351 perteked'o'
753 1265 844 1350 soleio
861 1269 985 1353 eppeseq
999 1267 1115 1331 scariot
1135 1265 1262 1333 stotton-

532 1373 598 1437 tale.
611 1375 709 1440 1299.
719 1374 785 1458 jot.
810 1375 864 1438 11.

239 1575 311 1640 Nos
328 1569 510 1654 Capitulum
539 1569 687 1637 Ecclesia
704 1567 889 1638 Waciensis
915 1570 1031 1637 damus
1051 1591 1111 1656 pro
1137 1589 1259 1640 memo·

130 1681 201 1765 ria;
230 1682 314 1762 quod
341 1698 413 1746 eum
445 1675 623 1745 secundum
650 1674 790 1744 formam
814 1678 999 1745 litterarum
1025 1678 1158 1746 Comitis
1190 1681 1260 1747 Stc-
1336 1705 1339 1710 ·

131 1789 236 1873 pbani
261 1785 481 1855 vioe-Juoiois
508 1784 604 1852 Gurie
631 1783 754 1853 domini
780 1785 892 1871 Regis,
909 1785 1069 1853 Nicolaus
1090 1789 1123 1852 et
1139 1785 1262 1855 Johan·

132 1916 193 1963 nes
210 1895 269 1980 filij
296 1885 429 1962 Comitis
445 1896 558 1979 Byter,
575 1914 641 1961 vna
656 1913 727 1958 oum
749 1893 910 1979 Dyonisio
936 1894 1058 1978 Magno
1075 1891 1143 1958 filio
1165 1892 1264 1974 Jurk,

133 2011 168 2072 et
184 2005 287 2070 altero
303 2000 465 2089 Dyonisio
481 2000 547 2065 filio
565 2000 711 2084 Tibureij
727 2000 767 2066 de
784 2001 931 2086 Palastb,
948 1999 1158 2087 presentibus
1176 2002 1263 2070 Jurk

129 2112 199 2178 filio
217 2109 375 2195 Stephani
396 2108 438 2174 de
454 2108 626 2190 Zalathna,
652 2125 748 2190 quem
763 2107 823 2192 filij
840 2107 982 2194 predicti
1000 2107 1137 2173 Comitis
1161 2109 1264 2193 Byter

133 2219 309 2298 adducent,
327 2222 359 2282 et
376 2216 509 2281 Andrea
534 2215 602 2280 filio
628 2217 738 2297 Arwa,
756 2233 853 2296 quem
869 2214 1058 2282 Demetrius
1079 2214 1166 2280 nlius
1182 2215 1262 2282 Far·

132 2327 236 2411 kasiJ,
254 2332 288 2392 et
302 2323 422 2392 Mochk
438 2322 539 2392 frater
556 2341 645 2407 suus,
670 2322 806 2407 Petrus,
822 2321 980 2391 Nicotaus
998 2328 1030 2387 et
1049 2323 1212 2408 Georgius
1228 2320 1263 2386 fi·

133 2436 173 2520 iij
190 2436 293 2501 Perse
309 2433 474 2500 adducere
491 2431 671 2517 debebant,
689 2445 799 2497 eoram
824 2430 952 2498 duobus
979 2430 1100 2497 nostris
1116 2431 1262 2499 testimo-

133 2544 202 2628 mijs
212 2592 221 2625 ‚
246 2561 305 2626 per
331 2546 442 2624 partes
468 2538 642 2622 adductis,
659 2539 743 2603 feria
759 2546 853 2604 sexta
869 2539 1021 2624 proxima
1036 2545 1112 2623 post
1126 2547 1262 2608 octauas

132 2649 329 2718 Natiuitatis
353 2648 469 2715 Sancti
483 2647 646 2716 Johannis
672 2645 820 2730 Baptista
846 2651 961 2713 contra
985 2646 1153 2731 predictos
1177 2645 1263 2714 filios

131 2755 288 2840 Farkasij
307 2761 339 2820 et
355 2756 441 2822 filios
458 2754 558 2820 Perse
575 2772 674 2839 super
689 2754 834 2837 quinque
851 2754 1002 2840 partibus
1026 2773 1086 2822 seu
1102 2754 1263 2838 porcioni-

132 2867 199 2932 bus
215 2871 300 2931 tcrre
317 2863 358 2930 de
373 2868 462 2928 terra
473 2865 587 2946 Tema,
605 2859 735 2930 nominc
750 2860 830 2928 iuris
846 2863 990 2949 ipsorum
1006 2860 1199 2946 hereditarij
1216 2861 1261 2925 iu-

134 2990 219 3055 rare,
235 2973 320 3036 sicut
336 2989 405 3036 mos
426 2977 479 3035 est
502 2968 611 3034 iurare
628 2989 726 3054 super
742 2976 850 3048 terra,
875 2970 1063 3054 recipiendo
1080 2975 1201 3036 terram
1219 2968 1262 3036 ad

133 3096 250 3144 manus
267 3085 299 3142 et
314 3074 467 3163 ponendo
479 3094 576 3161 super
596 3078 709 3162 capita
725 3096 796 3162 sua,
814 3076 1016 3161 debuissent,
1033 3078 1108 3161 ipso
1124 3077 1262 3145 termino

134 3183 344 3266 adueniente‚
363 3185 511 3268 partibus
529 3204 627 3272 super
643 3185 731 3251 facie
757 3185 862 3272 ipsius
880 3187 1024 3270 quinque
1050 3183 1260 3269 porcionibus

133 3300 222 3362 terre
233 3291 274 3358 de
284 3289 388 3358 Tema
400 3291 663 3377 comparentibus,
681 3292 766 3359 sicut
782 3293 883 3376 ijdem
900 3291 1048 3360 homines
1065 3291 1189 3357 domini
1201 3291 1261 3356 Re·

134 3401 198 3485 gis,
215 3399 307 3466 Bake
323 3406 356 3464 et
381 3396 581 3466 Laurenoius
598 3400 707 3467 clerici
726 3399 816 3468 chori
831 3401 937 3466 nostri
953 3419 1012 3484 per
1028 3406 1142 3486 partes
1159 3397 1261 3464 addn-
1330 3480 1334 3486 η

136 3507 191 3587 cti,
208 3505 251 3570 ad
267 3525 326 3570 nos
337 3505 472 3590 reuersi,
483 3506 691 3593 presentibus
702 3507 889 3574 Hermanno
907 3505 973 3574 tilio
991 3507 1108 3594 Heym,
1126 3505 1262 3574 officiali

134 3613 296 3679 dictorum
321 3609 459 3676 filiorum
485 3611 621 3678 Comitis
639 3611 762 3697 Byter‚
787 3633 847 3699 pro
874 3612 1001 3679 eisdem
1028 3613 1167 3680 dominis
1193 3613 1262 3680 suis

137 3739 210 3788 curn
236 3719 470 3806 procuratoriis
490 3719 609 3788 litteris
633 3720 763 3802 nostris,
780 3728 813 3785 et
838 3721 1006 3789 Demetrio
1021 3720 1088 3787 filio
1104 3719 1261 3806 Farkasij

134 3836 204 3894 tam
220 3846 279 3914 pro
297 3846 342 3910 se,
361 3845 456 3908 quam
474 3846 532 3911 pro
558 3829 680 3894 Mocbk
706 3829 903 3912 tremesco,
931 3831 1050 3906 Petro,
1075 3825 1213 3896 Nicolao
1229 3836 1262 3894 et

136 3935 280 4017 Georgia
299 3932 377 4019 filijs
402 3936 524 4019 Perse,
542 3935 687 4001 similiter
705 3955 776 4004 cum
794 3935 912 4002 litteris
932 3939 1053 4004 nostris
1070 3944 1261 4020 procurato·

134 4045 206 4118 riis,
216 4042 310 4110 nobis
328 4043 487 4127 dixerunt,
505 4045 592 4127 quod
602 4065 701 4129 super
716 4045 790 4128 ipso
806 4046 990 4112 iuramento
1006 4046 1116 4111 taliter
1132 4063 1262 4109 concor-

134 4153 273 4220 dassent
290 4176 298 4216 ε
324 4160 357 4218 vt
373 4155 583 4236 pretermisso
597 4155 780 4220 iuramento
792 4153 950 4221 dictorum
968 4154 1108 4220 filiorum
1125 4150 1262 4220 Comitis

134 4259 249 4346 Byter,
265 4257 366 4344 ijdem
382 4259 442 4345 filij
454 4260 589 4327 Comitis
599 4265 710 4348 Byter,
723 4262 881 4329 Nicolaus
892 4259 1019 4330 scilicet
1036 4268 1068 4326 et
1081 4261 1262 4341 Johannes,

135 4377 387 4452 assumpserunt
404 4371 532 4438 soluere
547 4372 645 4438 dictis
671 4372 747 4456 filijs
764 4371 930 4456 Farkasij‚
949 4378 982 4436 et
997 4368 1075 4454 filijs
1092 4371 1203 4454 Perse,
1221 4388 1262 4435 cx

136 4474 256 4556 quibus
273 4481 305 4541 et
329 4496 388 4560 pro
407 4478 522 4558 quibus
539 4480 643 4545 dictus
664 4476 853 4545 Demetrius
869 4477 1059 4563 conparuit,
1078 4485 1113 4545 ut
1127 4475 1262 4563 premie—
1338 4485 1339 4488 ’

135 4600 208 4650 sum
220 4630 230 4667 ‚
256 4601 313 4664 pro
333 4580 414 4670 ipsis
439 4585 581 4668 quinque
608 4585 817 4670 porcionibus
842 4589 927 4653 terre
953 4585 995 4653 de
1010 4584 1115 4655 Tema
1139 4603 1259 4656 nouem
