3166 5238
233 570 447 638 Lodomerius
471 569 688 638 miseracione
715 568 838 636 Diuina
865 567 1137 655 Archiepiscopus
1168 567 1246 638 Stri-

123 679 297 762 goniensis
314 679 375 746 stb.
397 673 581 762 (kbvetlrezilr
607 686 746 741 Lcdomer
773 684 912 740 ersclrnelr
929 685 1026 754 lerelc,
1044 685 1114 740 mint
1129 683 1245 740 fentebb

128 795 204 848 100.
224 814 261 848 sn.
278 785 318 875 a.)

235 895 302 962 Nos
327 903 435 963 autern
460 904 592 982 propter
618 894 806 961 roardus-um
823 891 970 959 eiusdem
996 891 1119 961 domini
1143 893 1247 960 nostri

125 1003 379 1091 Archiepiscopi
393 1012 582 1093 presentem
593 1024 726 1074 causam
737 1025 796 1071 suo
816 1011 905 1070 statu
921 1001 1022 1088 priori
1033 1010 1248 1088 permanente

126 1114 173 1182 ad
189 1112 365 1180 secundum
391 1113 477 1177 diem
501 1113 596 1178 Beati
611 1113 699 1180 Luce
725 1111 952 1196 Euangeliste
976 1110 1114 1178 fecimus
1138 1130 1245 1196 proro·

126 1220 210 1303 gari.
229 1222 348 1286 Datum
365 1219 397 1286 in
417 1219 501 1288 festo
513 1221 627 1289 Sancti
640 1208 818 1307 Augustini
829 1219 985 1306 Episcopi
1002 1225 1034 1286 et
1045 1219 1250 1288 Confessoris

126 1349 215 1395 anno
233 1328 365 1395 Domini
381 1328 431 1396 M⁰
447 1329 517 1398 (10ο
533 1331 748 1413 nonagesimo
773 1334 876 1396 sexto.

321 1524 469 1597 (Eredetie
481 1541 500 1580 a
511 1523 671 1598 vesnpremi
684 1523 826 1597 kaptalan
840 1519 1063 1593 levelrtrtban.)

564 1824 808 1834 w·-

653 2375 732 2442 1011.

128 2575 245 2661 Epulas
252 2572 450 2660 Mibctlpoale,
461 2573 575 2640 Ldazlo
584 2574 661 2642 olleo
672 2573 900 2660 tbroe‘uploeae'sc'
909 2571 1146 2640 talmebbvele.
1157 2576 1255 2641 1296.

644 2683 745 2752 kbrbl.

244 2883 366 2948 Datum
383 2899 443 2967 pro
459 2882 622 2968 memoria,
643 2882 734 2966 quod
750 2901 823 2948 oum
838 2880 932 2948 iuxta
951 2880 1190 2948 continenciam
1205 2881 1256 2947 lit·

134 2997 282 3056 terarum
297 2987 534 3054 memorialium
544 2989 679 3056 Comitis
697 2989 831 3055 Martini
848 2989 965 3057 Viae-J
968 2987 1073 3055 udicis
1088 2988 1185 3055 Ourie
1201 2986 1257 3052 do·

134 3097 219 3164 mini
234 3098 344 3182 Regis,
361 3096 516 3181 Mychacl
532 3096 617 3164 filius
633 3097 795 3168 Johannis
812 3097 853 3164 de
869 3097 986 3182 Egel,
1003 3095 1173 3174 Ladislao,
1189 3093 1256 3162 filio

136 3203 301 3274 Johannis
325 3202 385 3270 lilii
410 3204 657 3292 chebenhule
683 3206 809 3272 octaris
835 3205 930 3274 Beati
947 3203 1082 3292 Georgii
1101 3203 1255 3286 martiris,

137 3333 199 3382 sex
215 3331 344 3379 marcas
361 3331 469 3380 coram
490 3313 584 3390 nobis
602 3315 731 3381 soluere
747 3311 931 3396 debuisset;
961 3312 1159 3380 adveniente
1184 3311 1257 3397 ipso

138 3421 279 3488 termino
306 3420 474 3505 Stephano
498 3422 662 3490 seruiente
677 3421 780 3508 ipsius
807 3420 955 3489 Ladirlai
974 3441 1045 3488 cum
1072 3421 1191 3489 litteris
1216 3420 1259 3490 ad

138 3531 247 3619 ipsam
258 3529 457 3598 solucionem
468 3531 696 3616 spectantibus
713 3552 770 3615 pro
788 3530 905 3598 ecdem
921 3531 1053 3599 domino
1070 3549 1129 3597 suo
1146 3547 1261 3599 exvna

139 3645 249 3724 parte,
267 3637 309 3703 ab
320 3640 427 3704 altera
443 3659 519 3706 vero
535 3638 622 3708 dicto
638 3640 801 3708 Michaele
817 3660 925 3707 coram
939 3640 1032 3707 nobis
1042 3639 1261 3724 personaliter

142 3746 349 3832 constitutis3
365 3747 453 3814 idem
468 3747 619 3834 Mycheel
638 3747 839 3817 solucionem
865 3748 996 3832 quidem
1021 3749 1145 3814 nullam
1170 3747 1258 3830 fecit,

142 3853 202 3925 sed
220 3853 368 3920 exhibuit
393 3855 487 3922 nobis
514 3855 643 3924 litteras
668 3855 791 3926 domini
815 3856 916 3942 Regis
933 3857 1155 3938 continentes,
1174 3855 1263 3939 quod

142 3959 315 4028 cumidem
330 3961 481 4048 Myohael
500 3961 584 4032 filius
601 3962 764 4031 Johannis
775 4015 785 4049 ,
811 3966 959 4034 seruiens
984 3962 1170 4051 Dominicy,
1196 3966 1264 4030 Ma·

142 4069 238 4152 gistri
253 4069 512 4138 Tauarnicorum
538 4072 684 4142 eiusdem
710 4073 831 4142 domini
846 4074 967 4158 Regis,
993 4092 1058 4140 vna
1077 4091 1149 4138 eum
1174 4069 1263 4140 dicto

142 4175 483 4263 magistroDcminico
494 4181 627 4250 domino
638 4203 708 4264 suc,
718 4182 762 4248 ad
771 4191 957 4268 presentem
970 4183 1148 4249 exercitum
1159 4181 1263 4267 ipsius

145 4288 270 4355 domini
285 4289 385 4375 Regis
410 4291 452 4356 sit
473 4292 686 4377 profecturus,
705 4291 826 4360 dictam
842 4293 1043 4364 solucionem
1059 4311 1119 4360 sex
1138 4311 1263 4360 marca-

143 4417 227 4481 rum,
244 4396 316 4464 sine
337 4398 528 4482 grauanime
548 4398 642 4484 dupli
667 4399 823 4484 alicuius,
841 4400 884 4466 ad
909 4399 1091 4483 quindenas
1117 4400 1264 4468 eiusdem

142 4505 307 4572 exercitus
322 4505 514 4574 deberemus
532 4527 719 4595 prorogare.
736 4507 805 4576 Nos
822 4509 920 4590 igitur
935 4508 1099 4582 mandatis
1116 4508 1262 4575 eiusdem

144 4612 270 4680 domini
286 4615 388 4700 Regis
404 4614 687 4702 obtemperantes,
704 4622 753 4683 ¹vt
769 4625 925 4698 tenemur,
942 4619 1102 4703 prefatam
1122 4617 1264 4684 solucio-

144 4743 223 4790 nem
238 4721 367 4804 absque
384 4719 493 4806 aliquo
520 4721 710 4805 &apamiae
726 4720 769 4789 ad
785 4722 876 4806 ipsas
898 4721 1078 4806 quindenas
1103 4722 1269 4803 exercitus

1038 4831 1104 4896 11*
