3166 5238
634 275 698 342 211

583 365 628 373 n>—
643 370 662 374 -
700 371 706 374 .

95 470 267 553 goniensis
283 470 445 558 Ecclesia,
462 491 525 555 que
536 493 594 543 sue
611 494 698 542 nunc
714 473 885 544 viduitatis
897 475 1043 564 dampna
1061 476 1224 564 deplorat,

94 580 350 663 gubernatorem
367 580 492 650 habeat
508 590 541 650 ct
553 590 724 668 rectorem,
739 603 799 668 per
815 603 909 668 quem
926 583 990 652 sibi
1008 584 1224 670 spiritualiter

93 694 129 753 et
144 688 372 773 temporaliter
386 689 597 774 provideatur
613 692 799 773 salubriter,
818 711 858 760 ac
873 694 1026 777 Regnum
1052 693 1159 780 ipsum
1175 694 1224 762 di·

94 793 225 880 rigatur
241 793 402 866 inmelius
415 804 448 864 et
466 797 501 864 in
519 797 584 867 fide
602 817 641 866 ac
658 801 835 869 devotione
852 800 942 870 sedis
959 806 1139 868 memorate
1156 819 1224 868 ser·

90 908 198 970 vetur.
212 904 380 990 Adeoque,
391 905 539 974 uthabct
555 905 724 993 fidedigna
734 909 863 995 relatio,
880 915 925 995 tu,
943 910 999 995 qui
1015 909 1047 978 in
1063 907 1220 980 Albensis

93 1012 247 1079 Ecclesie
263 1012 519 1098 vesprimiensis
535 1014 688 1086 Diocesis
705 1017 911 1104 Propositum
921 1017 1036 1105 primo,
1054 1023 1088 1084 ct
1109 1017 1222 1088 subse·

91 1128 230 1204 quanter
243 1119 277 1187 in
292 1121 587 1210 Archiepiscopum
607 1123 869 1213 strigoniensem
886 1128 1011 1193 electus
1027 1123 1130 1209 fuisti,
1147 1125 1219 1194 ido·

90 1248 174 1295 neus
190 1230 366 1317 reputaris,
382 1233 555 1317 utpotevir
566 1231 708 1302 scientia
721 1235 883 1320 preditus,
897 1235 1030 1322 generis
1046 1234 1220 1304 nobilitate

89 1338 282 1424 preclarus,
307 1343 428 1424 potens
452 1341 486 1406 in
512 1343 768 1428 consangnineis
786 1349 818 1408 ct
835 1343 962 1426 amicis,
979 1343 1062 1410 etin
1079 1344 1221 1427 agendis

90 1453 260 1532 expertus,
277 1447 333 1531 qui
349 1445 472 1518 Divina
490 1449 551 1518 tibi
566 1451 686 1536 gratia,
703 1457 880 1536 nostroque
896 1450 1043 1540 presidio
1059 1451 1217 1518 assisten-

90 1555 193 1641 tibus,
209 1565 305 1640 prout
329 1555 471 1624 creditur
495 1565 529 1626 et
541 1566 703 1645 speratur,
721 1560 906 1628 Ecclesiam
924 1558 1030 1644 ipsam
1053 1557 1220 1645 strigoni-

89 1684 209 1734 ensem
224 1663 401 1734 deiendcre
418 1668 553 1753 poteris,
570 1675 602 1736 et
618 1668 704 1738 alias
720 1690 786 1740 non
803 1670 907 1738 solum
924 1668 995 1752 eius
1012 1667 1217 1763 strigonien·

89 1774 149 1856 sis,
167 1779 200 1840 et
214 1773 353 1842 aliarum
370 1773 601 1861 Ecclesiarum,
617 1775 676 1846 sed
693 1775 792 1844 totius
808 1779 913 1865 Regni
928 1775 1026 1844 utilia
1039 1774 1219 1856 efficaciter

89 1901 298 1968 promovere.
316 1878 413 1950 Unde
429 1883 652 1966 attendentes,
670 1883 756 1970 quod
773 1883 801 1950 si
816 1882 1002 1954 huiusmodi
1018 1885 1217 1956 electionum

88 1993 229 2062 fratrum
244 1991 287 2060 de
302 1998 346 2079 tc,
369 1991 485 2078 quibus
511 1992 615 2078 aliqui
632 2012 669 2062 se
685 1993 880 2078 opposuisse
897 2000 1218 2081 noscuntur‚prcse·

89 2101 180 2168 cutio
196 2107 340 2179 curreret
356 2121 416 2169 suo
435 2107 542 2169 marte
557 2119 598 2167 ac
614 2101 784 2170 ordinario
800 2101 899 2170 modo
917 2102 1121 2189 procederet,
1137 2121 1218 2187 pos·

86 2215 141 2278 set
157 2209 280 2280 diutius
303 2209 481 2296 perdurare
506 2230 580 2278 cum
602 2210 749 2296 ipsarum
764 2211 988 2278 scelestarum
1006 2211 1158 2296 dampno,
1174 2228 1215 2278 ac

88 2321 190 2388 etiam
207 2320 290 2388 dicti
305 2321 423 2406 Regni,
434 2325 567 2407 propter
585 2326 759 2408 urgentem
774 2319 1018 2403 necessitatem,
1035 2325 1068 2385 et
1083 2319 1217 2388 eviden-

86 2435 157 2495 tem
171 2428 348 2496 utilitatem
363 2430 520 2514 ipsorum,
546 2428 811 2516 prosecutionem
827 2427 967 2497 candem
984 2427 1135 2496 duximus
1165 2447 1217 2496 ru-

88 2533 315 2618 spendendam
331 2538 457 2619 absque
481 2537 662 2620 preiudicio
682 2540 825 2622 partium
843 2555 948 2622 usque
965 2536 1010 2605 ad
1026 2537 1216 2623 beneplaci-

87 2652 160 2713 tum
174 2645 263 2713 dicte
279 2643 396 2730 Sedis;
413 2644 460 2712 ita
477 2642 631 2731 quodper
647 2645 897 2732 suspensionem
914 2643 1100 2714 huiusmodi
1116 2642 1217 2714 nichil

86 2760 260 2824 accrescat
283 2753 434 2839 partibus
459 2754 515 2820 vel
530 2751 728 2822 decrescat:
754 2754 883 2822 interim
909 2761 1030 2838 autem,
1046 2772 1088 2821 ne
1114 2770 1215 2838 super

87 2863 186 2934 dictis
201 2863 417 2932 electionibus
440 2863 670 2948 prosecutione
692 2880 876 2949 suspensa,
893 2867 958 2928 tam
976 2860 1216 2948 strigoniensis

86 2991 188 3056 quam
204 2971 357 3042 Albensis
373 2969 527 3040 Ecclesia
552 2971 740 3056 supradicte
758 2971 979 3057 gubernatore
994 2968 1144 3055 legitimo
1161 2985 1214 3036 ca·

84 3085 192 3164 reant,
207 3087 242 3147 te
259 3098 298 3146 ex
311 3076 432 3152 ,officio
448 3083 561 3146 nostro
578 3085 611 3143 et
626 3077 820 3162 Apostolice
846 3075 1052 3162 plenitudine
1070 3081 1213 3158 potesta-

84 3188 142 3274 tis,
158 3189 191 3254 in
207 3184 433 3274 spiritualibus
450 3191 483 3252 et
506 3185 743 3271 temporalibus
759 3186 1011 3254 Procuratorem
1027 3183 1116 3254 dicte
1132 3185 1213 3255 Stri-

85 3295 258 3382 gcniensis
270 3295 422 3364 Ecclesia
431 3313 534 3378 usqne
550 3291 593 3362 ad
609 3293 698 3362 dicte
714 3291 810 3362 Sedis
827 3293 1072 3379 beneplacitum
1083 3291 1212 3372 ordina,-

84 3425 171 3492 mus,
187 3406 248 3472 tibi
272 3402 591 3472 administrationem
602 3407 668 3468 tarn
680 3401 761 3488 eius,
773 3421 872 3487 quam
883 3399 971 3470 dicte
980 3399 1136 3470 Albensis
1151 3404 1211 3472 Ec·

84 3514 261 3582 clesiarum
280 3511 468 3600 generalem
480 3520 513 3580 et
527 3512 667 3580 liberam
683 3511 718 3578 in
733 3509 960 3596 spiritualibus
977 3516 1011 3580 et
1026 3510 1213 3596 temporali·

83 3626 147 3693 bns
159 3622 411 3706 committentes,
428 3640 566 3690 necnon
584 3619 802 3689 concedentes
820 3618 1061 3705 anctoritatem,
1077 3625 1211 3698 contra·-

83 3732 229 3801 dictcres
246 3731 427 3800 atrebelles
444 3748 684 3815 percensuram
702 3729 977 3812 ecclesiasticam,
995 3726 1211 3813 spiritualiter

81 3843 159 3910 liter
169 3840 444 3928 attemperaliter‚
457 3839 683 3928 appellatione
693 3838 890 3925 postposita,
901 3835 1146 3924 compescendi;
1162 3834 1211 3901 ita

81 3948 296 4038 tamen‚quod
307 3950 450 4019 debonis
459 3947 679 4017 immobilibus
690 3944 1100 4016 earundemllcclesiarum
1109 3941 1211 4012 nichil

80 4059 214 4145 penitus
225 4060 358 4136 alienes,
375 4078 437 4126 nec
453 4058 553 4126 ctiam
564 4055 606 4125 de
616 4056 819 4142 paramentis
830 4061 862 4121 et
877 4054 982 4140 libris,
999 4061 1057 4122 aut
1068 4050 1145 4121 aliis
1160 4070 1209 4116 rc-

80 4170 144 4239 bus
160 4188 219 4237 scu
229 4168 325 4236 bonis
341 4167 517 4238 mobilibus
527 4169 598 4236 Deo
615 4167 734 4236 dicatis
746 4185 805 4234 sen
816 4165 947 4234 Dininis
957 4163 1073 4232 usibus
1084 4163 1209 4248 deputa

80 4280 147 4365 tis;
164 4278 240 4348 etsi
258 4298 354 4346 secus
366 4276 498 4364 seceris,
514 4274 810 4346 illuddccernimus
821 4273 947 4342 irritum
965 4279 997 4338 et
1009 4271 1126 4357 inane;
1142 4290 1208 4338 non

79 4387 289 4456 obstantibus
307 4385 589 4475 appellationibus
606 4383 809 4468 aquibusvis
820 4380 970 4467 personis
983 4398 1207 4464 quorumcum-

79 4516 142 4581 que
159 4504 310 4566 tencrum
322 4513 363 4562 ex
379 4495 639 4580 quibuscumque
656 4491 764 4560 causis
781 4496 897 4558 contra
912 4490 1058 4574 ipsarum
1075 4488 1208 4558 electio·

78 4629 159 4676 num
176 4606 314 4674 formam
324 4654 334 4689 ,
360 4606 413 4673 vel
432 4611 522 4672 tuam
538 4609 595 4672 aut
619 4601 813 4688 eligentium
830 4607 863 4668 tc
879 4617 1040 4683 personas
1067 4595 1207 4680 emissis,

978 4705 1047 4772 14*
