3188 5238
561 281 718 410 ...tn

90 509 203 591 illatis,
231 506 407 575 seeundum
425 485 568 574 vulneris
583 507 669 575 illati
686 506 924 588 quantitatem,
951 512 1057 572 utrum
1074 504 1201 571 soilioet

88 618 199 702 major,
217 618 269 683 vel
285 615 389 684 minor
404 615 526 683 debeat
541 613 687 700 reputari
709 615 811 698 lesio,
839 619 871 682 et
887 634 946 700 per
963 633 1059 698 quem
1074 613 1202 680 seilicet

88 725 245 807 ludicen,
265 726 317 792 vel
333 724 477 794 villioum
495 725 536 792 de
552 725 740 811 hujusmodi
757 724 883 794 lesione
899 724 1114 805 decernatur,
1132 740 1197 788 mo·

87 835 168 918 dum,
187 840 220 899 et
236 831 508 906 consuetudinem
525 833 757 920 Cybiniensem
774 834 898 900 eisdem
924 833 1074 900 volumus
1090 830 1199 898 faeere
1291 917 1293 921 v

85 941 263 1011 observari.
289 941 340 1008 Ad
357 945 418 1010 hee
434 943 628 1010 indulsimus
656 944 795 1027 eisdem,
822 950 858 1009 ut
874 944 903 1012 si
923 942 1030 1012 ludex
1054 943 1198 1028 ipsorum

84 1071 139 1138 pro
156 1057 306 1136 ternpore
316 1052 520 1130 constitutus,
538 1052 571 1116 in
594 1051 792 1136 exhigendis
803 1051 949 1137 judiciis,
967 1049 1112 1118 serraliis
1127 1067 1200 1134 gra·

82 1159 266 1229 vaminibus
282 1159 463 1226 inferendis
480 1179 515 1226 se
534 1159 686 1226 redderet
713 1160 914 1244 pertinacem
939 1167 972 1224 et
989 1177 1150 1245 severum,
1166 1158 1199 1223 in

83 1289 155 1354 quo,
174 1275 209 1334 et
225 1271 259 1334 in
277 1269 394 1354 quibus
412 1269 549 1334 libertas
573 1269 719 1351 ipsorum
734 1269 928 1355 populorum
952 1275 1136 1337 nostrorum
1153 1268 1202 1333 in·

82 1376 181 1462 iringi
198 1377 386 1461 videretur,
415 1378 541 1460 absque
553 1375 672 1462 judieii
689 1379 903 1462 gravamine,
922 1397 980 1445 seu
1000 1369 1148 1464 oujusuis
1163 1377 1200 1442 ti-

81 1509 170 1556 more
188 1507 273 1575 pene
290 1507 353 1553 non
371 1470 523 1554 obstante
537 1493 674 1572 possunt
689 1486 789 1554 iidem
806 1487 916 1572 populi
934 1484 1201 1556 nostriJudioem

85 1617 190 1679 suum,
209 1597 315 1662 donee
331 1615 429 1683 super
445 1598 519 1680 ipso
530 1598 667 1677 negooio
684 1616 744 1662 nos
760 1598 941 1678 consulant,
958 1595 1145 1682 prohibere.
1164 1594 1202 1661 In

86 1705 180 1790 eujus
211 1705 260 1770 rei
287 1704 508 1771 testimonium
544 1711 575 1770 et
600 1693 789 1790 perpetuam
816 1703 1001 1771 firmitatem
1026 1709 1197 1789 presentes

87 1813 312 1878 concessimus
338 1812 466 1879 litteras
492 1812 595 1897 sigilli
612 1811 715 1876 nostri
732 1813 908 1878 munimine
933 1813 1118 1879 roboratas.
1135 1810 1202 1875 Da-

81 1928 148 1986 tum
165 1920 254 1987 Albe
280 1925 397 2001 quarto
426 1918 479 1985 die
505 1921 771 1989 Resurreoeionis
788 1919 939 2004 Domini,
966 1916 1055 1987 anno
1067 1917 1202 1987 Domini

79 2028 137 2092 Ml.
155 2027 239 2094 00⁰.
258 2026 474 2112 nonagesimo
492 2028 613 2110 quinto.

134 2222 282 2292 (seuram
295 2223 326 2280 a
339 2223 518 2290 sennaser,
536 2223 722 2280 Urkundenb.
737 2243 761 2280 z.
775 2223 871 2282 sessu
893 2207 1028 2282 setas:
1051 2227 1072 2280 1.
1088 2227 1147 2282 roe.

595 2313 654 2369 res.
667 2313 698 2384 1.)
