3166 5238
613 340 770 448 jib—

123 547 158 604 ct
184 542 350 610 honorem.
376 542 560 623 Noueritis,
593 542 683 624 quod
710 561 784 608 eum
808 540 986 610 secundum
1014 541 1252 608 continenciam

122 649 310 716 litterarum
328 657 508 716 uestrarum
527 649 624 716 nobis
641 649 919 728 transmissarum,
938 650 1077 717 sabbato
1094 648 1253 716 uidelicet

123 757 159 821 in
180 758 306 823 octauis
324 757 571 841 Assumpcionis
588 757 733 842 Virginis
751 755 903 824 Gloriose
927 755 1174 839 possessionem
1190 755 1253 824 La·

125 863 228 929 dizlai
244 863 301 930 filii
318 863 460 949 lwance,
474 866 600 932 Obertb
617 871 782 945 uocatam,
800 882 872 930 cum
884 864 951 931 suis
971 862 1166 932 utilitatibus
1184 864 1253 930 voi·

124 972 232 1038 uersis
247 973 394 1040 Jacobus
410 974 514 1040 irater
531 975 611 1041 dicti
627 973 779 1039 Ladinlai
805 980 838 1037 et
854 970 912 1055 alij
931 970 1045 1055 'viciny
1062 977 1095 1035 et
1114 989 1252 1039 comme·

125 1080 220 1143 tanei
245 1079 394 1147 eiusdem
412 1103 433 1147 a
449 1081 611 1147 Miebacle
631 1080 697 1148 filio
716 1079 887 1144 Deueeber
909 1077 1103 1147 aduersario
1129 1097 1189 1145 suo
1216 1080 1249 1146 in

124 1188 230 1254 tercia
247 1195 361 1272 parte,
388 1208 408 1253 a
424 1187 519 1252 nobis
537 1195 648 1254 autern
665 1193 701 1253 ut
717 1207 736 1252 a
749 1186 917 1272 judicibus
934 1186 968 1250 in
994 1184 1122 1252 duabus
1149 1189 1249 1270 parti·

124 1297 200 1377 bus,
217 1295 342 1360 seilicet
357 1297 392 1361 iu
410 1295 524 1362 decem
535 1295 665 1379 marcis,
682 1302 780 1379 prout
796 1314 855 1378 per
866 1294 1098 1362 estimaciones
1118 1313 1250 1380 presen-

123 1403 214 1470 tibus
230 1401 419 1470 bominibus
444 1404 565 1470 nostris
590 1423 701 1470 eoram
721 1409 834 1470 uestro
860 1402 1050 1470 testimonio
1075 1403 1250 1493 estimasse

125 1511 368 1596 comperimus,
392 1512 554 1579 redimere
581 1513 791 1596 debuissent,
816 1513 870 1578 uel
888 1510 1074 1593 relinquere
1102 1511 1197 1581 nobis
1214 1517 1250 1579 ut

120 1620 308 1705 judicibus,
339 1627 371 1684 et
388 1619 578 1690 aduersario
603 1641 662 1690 suo
687 1621 942 1704 possidendam,
971 1620 1170 1688 adueniente
1186 1626 1249 1686 ter-

123 1728 212 1792 mino
238 1728 382 1795 Michnel
406 1728 493 1795 filius
523 1726 714 1812 Deueohcr,
743 1729 954 1797 aduersarius
979 1728 1060 1795 dicti
1085 1727 1246 1812 Ladizlai,

125 1836 309 1920 comparuit
335 1837 375 1902 ad
399 1837 624 1920 recipiendam
650 1837 825 1922 pecuniam
848 1837 1035 1920 porcionem
1053 1854 1145 1902 suam
1174 1855 1247 1904 oon·

124 1944 325 2025 tingentem,
353 1944 505 2010 similiter
528 1943 673 2012 Jacobus
699 1943 802 2011 frater
818 1941 899 2012 dieti
918 1943 1070 2012 Ladizlai
1096 1943 1188 2011 uenit
1213 1949 1246 2009 et

122 2051 216 2136 dixit,
234 2053 321 2135 quod
338 2073 402 2119 non
418 2061 532 2140 posset
548 2054 709 2120 redimere
720 2054 966 2138 possessionem
986 2055 1097 2120 fratris
1115 2055 1166 2120 rui
1182 2073 1246 2118 me·

122 2167 286 2227 moratam
296 2210 305 2244 ,
332 2161 431 2230 vicini
448 2167 558 2227 antem
575 2169 608 2228 et
625 2162 842 2228 commetanei
868 2160 1016 2226 eiusdem
1034 2160 1196 2246 Ladizlai,
1214 2169 1247 2229 et

123 2271 318 2352 specialiter·
344 2269 503 2355 magister
528 2270 652 2348 Jharu,
688 2270 745 2352 qui
767 2269 985 2354 personaliter
1012 2271 1248 2355 comparando,

122 2375 284 2444 redimere
309 2378 516 2461 porcionem,
544 2397 608 2460 que
634 2379 740 2461 ipsum
759 2377 985 2462 emungeret,
1010 2388 1248 2466 assumpserat,

122 2485 208 2551 sieut
225 2484 256 2547 in
284 2483 452 2568 prioribus
477 2485 593 2551 litteris
610 2485 729 2552 uestris
757 2484 995 2568 comperimus,
1021 2504 1087 2551 uon
1106 2488 1248 2573 uenerit,

121 2613 181 2658 nec
200 2593 324 2658 miserit
340 2592 383 2659 ad
408 2591 672 2676 redempcionem
699 2588 900 2657 faciendam.
918 2587 1029 2668 Quare
1045 2611 1063 2655 a
1079 2591 1174 2662 uobis
1190 2612 1246 2678 pe-

121 2701 219 2766 timus
236 2699 423 2784 diligenter,
449 2705 613 2781 quatenus
631 2717 704 2766 eum
719 2698 859 2766 Nicolao
883 2697 951 2766 filio
968 2698 1073 2766 Petke
1089 2700 1130 2766 dc
1147 2698 1245 2787 Gyog

120 2808 253 2874 homine
266 2813 392 2892 nostro,
403 2816 548 2874 vestrum
558 2806 699 2876 mittatis
709 2804 942 2887 testimonium,
961 2824 1071 2872 coram
1081 2825 1145 2888 quo
1158 2807 1246 2876 idem

121 2915 217 2982 bomo
234 2922 347 2980 noster
363 2916 547 3000 predictam
567 2912 811 3000 possessionem
832 2911 983 2981 Ladialai
1008 2931 1081 2981 eum
1099 2914 1168 2982 ruis
1185 2915 1244 2980 vti-

119 3023 272 3091 litatibus
288 3025 450 3090 uniuersis
466 3021 501 3088 in
518 3022 646 3090 duabus
661 3025 811 3108 partibus
830 3022 927 3090 nobis
943 3027 980 3087 nt
991 3019 1182 3106 judicibus,
1211 3024 1245 3090 in

119 3132 224 3198 tercia
240 3151 318 3196 uero
334 3137 431 3216 parte
457 3129 605 3215 predicto
622 3131 776 3201 Michaeli
793 3149 852 3200 suo
876 3129 1070 3198 aduersario
1096 3136 1247 3200 statuant

118 3239 367 3326 possidendam,
385 3239 481 3306 salua
497 3238 654 3324 porcione
670 3237 750 3307 dicti
764 3237 882 3307 Jacobi
897 3243 1100 3324 remanente,
1117 3246 1246 3308 eontra·

118 3345 269 3415 diecione
286 3347 469 3429 aliquorum
487 3366 555 3413 non
571 3347 743 3431 obstante;
764 3352 840 3431 post
856 3346 918 3412 hoe
928 3344 1010 3412 laeti
1020 3345 1148 3428 seriem,
1166 3367 1245 3431 qua-

114 3453 248 3520 litatem
265 3460 298 3521 et
313 3456 551 3538 quantitatem,
575 3454 672 3522 nobis
688 3454 792 3522 nostri
807 3453 924 3538 gracia
947 3453 1150 3522 rescribatis.
1168 3454 1241 3520 Da·

119 3567 187 3629 tum
204 3563 236 3626 in
248 3563 394 3628 erastino
404 3568 597 3630 octonarum
607 3560 856 3646 Assumpeionis
872 3561 976 3630 Beate
986 3560 1143 3647 Virginis,
1155 3581 1244 3629 anno

118 3666 252 3736 Domini
268 3667 318 3733 Μο
334 3666 403 3736 00⁰
418 3669 634 3755 nonagesimo
650 3691 747 3739 nono.

226 3775 296 3841 Nos
312 3795 392 3844 uero
407 3775 628 3860 peticionibus
643 3777 763 3845 uestris
783 3773 978 3845 satisfacere
998 3768 1189 3861 cupientes,
1206 3783 1241 3844 ut

118 3882 297 3968 debemus,
325 3903 398 3951 cunr
413 3881 563 3969 predicto
578 3885 710 3952 homine
733 3892 844 3953 vestro
861 3891 1005 3950 nostrum
1022 3883 1170 3952 misimus
1186 3883 1243 3950 lm·

115 3989 237 4056 minem
255 4008 313 4073 pro
338 3991 545 4073 testimonio,
572 3992 630 4078 qui
653 3991 857 4076 postmodum
884 4011 1038 4062 unacum
1064 3991 1181 4058 eodem
1199 3991 1245 4058 ad

115 4117 179 4164 nos
194 4097 326 4166 rediens
343 4099 440 4166 nobis
456 4098 628 4178 recitauit,
656 4099 744 4182 quod
761 4099 849 4166 idem
869 4101 904 4168 in
923 4097 974 4167 sui
999 4098 1173 4184 presencia
1190 4117 1244 4164 ae-

38 4228 41 4232 ·
114 4205 267 4272 cedendo
284 4205 462 4274 adfaciem
479 4211 700 4293 possessionis
716 4208 856 4295 predicti
872 4205 1031 4284 Ladizlai,
1060 4205 1145 4273 duas
1166 4224 1241 4290 par·

115 4321 169 4380 tes
186 4312 336 4379 eiusdem
361 4315 583 4399 possessionis
608 4317 704 4384 uobis
727 4323 762 4381 ut
783 4313 973 4398 judicibus,
1001 4313 1139 4381 terciam
1164 4333 1243 4382 uero

113 4427 244 4507 partem
255 4421 401 4506 predicto
412 4421 557 4492 Micheili
575 4422 661 4513 (lgy)
673 4424 866 4492 aduersario
877 4422 1035 4505 eiusdem,
1052 4441 1125 4489 eum
1141 4420 1242 4490 omni·

112 4531 176 4596 bus
202 4529 402 4600 utilitatibus
420 4531 507 4614 suis,
534 4534 690 4601 videlicet
707 4533 803 4600 terris
827 4532 970 4616 fimetis,
992 4531 1239 4613 campestribus,

113 4637 229 4716 siluis,
256 4644 290 4702 et
305 4637 426 4706 tenetis
443 4644 616 4710 statuisset
632 4640 867 4729 possidendam
886 4640 979 4710 iuxta
995 4645 1139 4708 uestram
1155 4637 1236 4723 peti·
