3262 5242
639 301 798 404 -.3-5...

156 501 373 589 ratihabioio,
398 501 571 576 inucuacio
587 508 620 570 et
637 498 842 567 confirmacio
860 496 978 582 prioris
995 497 1185 564 donacionis
1199 497 1278 566 irre·

157 612 310 679 uocabile
328 617 361 678 et
387 617 580 697 perpetuum
596 611 640 676 sit
656 609 829 674 munimen.
855 606 1012 673 Veientes
1039 612 1073 670 et
1089 605 1196 674 edicto
1218 609 1279 674 Iic-

157 721 224 806 gio,
241 727 399 807 perpetuo
417 717 581 806 duraturo,
607 716 836 803 concedentes,
855 712 940 797 quod
953 719 1147 799 prenotatas
1164 719 1279 797 terras,

158 830 257 896 simul
275 849 345 897 cum
362 828 538 916 piscaturis
549 849 589 896 ac
607 825 793 894 earumdem
803 822 999 890 utilitatibus
1017 830 1050 890 et
1065 821 1279 908 pertinenoijs

157 939 332 1026 uniuersis,
349 939 520 1005 memorati
536 939 726 1023 Propositus
743 941 776 1000 ct
792 933 977 1019 Capitulum
992 934 1204 1002 Pcsuniensis
1220 937 1280 1001 Ec·

158 1047 260 1113 clesie
276 1053 432 1134 perpetuo
449 1044 642 1131 possideant
658 1042 795 1128 pacifice
812 1049 845 1106 et
862 1039 980 1125 quiete.
999 1038 1037 1106 In
1053 1041 1145 1109 cuius
1162 1061 1280 1108 memo-

157 1157 242 1221 riam
258 1161 292 1220 et
307 1143 500 1241 perpetuam
517 1153 702 1218 firmitatem
714 1156 884 1234 presentes
902 1151 1122 1220 concessimus
1137 1150 1276 1231 litteras,

160 1265 328 1351 dupplicis
345 1264 448 1348 sigilli
474 1265 578 1330 nostri
603 1262 778 1328 munimine
796 1261 980 1328 roboratas.
1004 1263 1124 1326 Datum
1140 1281 1199 1346 per
1214 1279 1280 1326 nra·

57 1413 59 1420 1
158 1391 219 1438 nus
236 1371 440 1438 honorabilis
467 1376 500 1436 et
526 1369 659 1452 discreti
681 1367 743 1433 viri
759 1367 908 1452 magistri
925 1365 1092 1434 Theodori
1118 1367 1280 1452 Prepesiti

159 1481 320 1548 Albensis
336 1482 411 1546 aule
428 1485 537 1548 nostre
554 1475 846 1560 vice-Cancetlarij
869 1474 979 1541 dilecti
997 1483 1028 1540 et
1043 1473 1149 1543 fidelis
1166 1477 1280 1558 nostri,

157 1595 247 1656 anuo
263 1588 400 1656 Domini
415 1587 465 1656 Μ0
482 1586 553 1656 00⁰
570 1585 782 1670 nonagesimo
800 1581 912 1670 primo.
929 1583 1036 1668 Regni
1052 1590 1160 1650 autem
1177 1584 1280 1652 nostri

158 1716 246 1764 auno
266 1697 426 1765 secundo.

157 1889 273 1962 (Kiirva
295 1911 313 1948 a
327 1890 423 1964 Capsa
447 1889 570 1946 CFaec.
594 1890 619 1944 t.
639 1890 707 1946 Nro.
731 1891 773 1944 73.
798 1886 934 1944 raimbol.
958 1887 1281 1960 Apczscnykaptalaui

136 1989 137 1992 ’
470 2045 477 2068 ‘
508 1980 800 2055 magauleveltarbol.
819 1978 934 2049 Kreas.)

587 2272 850 2284 W

698 2833 757 2899 23.

159 3024 224 3101 HI.
251 3035 359 3098 Bhrdrc
374 3035 481 3120 kirtly
504 3036 607 3120 ritirp‘a
633 3035 663 3098 tr
677 3033 854 3118 mepcriisr'ti
878 3033 937 3099 IV.
956 3023 1133 3098 Ldezlouale
1149 3033 1237 3098 1278
1253 3033 1284 3096 Ca

159 3145 250 3208 1280
260 3145 309 3208 e'vi
324 3144 374 3208 tu
389 3141 504 3226 levelet,
520 3141 689 3229 melyeklrcl
700 3141 816 3206 nouato
824 3141 930 3228 ttruty
946 3164 967 3203 a
976 3142 1130 3230 perrumpi
1139 3143 1282 3226 prepost-

160 3251 227 3316 nat
245 3252 276 3313 e's
291 3249 509 3334 lrrtptclounclc
535 3247 680 3314 Saeliucir
698 3251 728 3312 e's
742 3247 936 3332 Fteoendorf
956 3248 1133 3313 birtolrokat
1156 3249 1282 3314 aromo.

604 3368 725 3444 uycatu.
742 3359 839 3424 1291.

278 3555 455 3646 (A)ndreas
481 3557 544 3624 Dei
568 3558 681 3641 gracia
701 3557 888 3640 Hungarie,
917 3559 1107 3646 Dalmacie‚
1134 3558 1281 3646 (iroaoie,

160 3669 285 3752 Rame,
302 3669 435 3755 Seruis,
456 3667 616 3753 Gallioie,
637 3666 832 3734 Lodcmerie
841 3717 849 3750 ,
868 3665 1045 3748 Comanis,
1060 3667 1281 3752 Bulgariequc

160 3777 231 3840 Rex
248 3777 397 3842 omnibus
412 3782 599 3862 presentem
615 3777 772 3859 paginam
791 3775 989 3862 inspecturis
1008 3778 1146 3844 salutem
1165 3779 1197 3842 in
1215 3797 1280 3844 om-

160 3883 250 3950 nium
266 3886 443 3952 saluatorc.
469 3884 523 3952 Ad
540 3885 766 3952 uniuersorum
790 3885 945 3952 noticiam
961 3885 1074 3952 harum
1092 3885 1176 3952 serie
1193 3887 1281 3952 volu-

160 4009 232 4056 mus
249 3991 430 4078 peruenire,
449 3992 534 4074 quod
550 3992 712 4058 discretus
730 3993 780 4056 uir
803 3993 959 4078 magister
975 3993 1073 4059 Haab
1089 3993 1281 4079 Prepesitus

160 4105 195 4165 et
210 4098 400 4183 Capitulum
419 4100 567 4167 Ecclesie
584 4099 795 4166 Pcsunionsis
812 4099 927 4169 fideles
944 4103 1057 4185 nostri,
1077 4101 1122 4167 ad
1137 4108 1282 4170 uestram

109 4247 112 4256 ι
159 4207 359 4276 accedentes
376 4211 593 4295 presenciam,
611 4207 828 4276 exhibuerunt
843 4209 939 4277 nobis
957 4209 1021 4277 duo
1038 4210 1133 4294 paria
1148 4212 1281 4296 priuile-

160 4317 288 4401 gicrum
306 4318 431 4384 domini
455 4318 615 4406 Ladizlay
631 4321 720 4385 clare
736 4321 889 4386 memorie
914 4319 1056 4386 Illustris
1076 4321 1176 4403 Regis
1193 4320 1280 4388 Hun-

159 4426 253 4512 garie
263 4476 273 4514 ,
297 4428 459 4511 patruelis
476 4429 582 4496 nostri
598 4429 785 4514 karissimi,
813 4449 909 4495 vuum
926 4428 1053 4494 scilicet
1070 4450 1168 4515 super
1184 4430 1282 4496 dona-

162 4538 258 4604 cicue
285 4537 497 4619 quarumdam
522 4544 683 4603 terrarum
709 4535 852 4602 Zelench
878 4544 911 4603 et
927 4536 1127 4604 Fleoendorf
1148 4548 1281 4605 uocata-

160 4667 244 4734 rum,
261 4665 321 4730 per
337 4646 475 4714 eundem
501 4647 667 4715 dominum
685 4644 875 4713 Ladiulaum
894 4648 1017 4733 Regem
1035 4648 1184 4714 Ecclesia
1202 4649 1282 4714 Sau-

1130 4757 1150 4822 3
1160 4757 1178 4794 ὓ
