3166 5238
847 335 985 442 sn..

338 531 576 618 'pumesmonie
600 531 784 618 Bagartelk
800 543 918 608 vocate
934 537 1081 625 legitime
1105 535 1188 605 inibi
1211 532 1418 618 conuocatis,
1435 535 1481 602 ad

349 643 468 710 faciem
485 639 632 711 eiusdem
657 643 851 718 accedendo
875 649 1063 718 reambnlet
1077 664 1137 734 per
1153 663 1253 714 veras
1280 662 1358 713 suas
1374 652 1480 712 metes

351 756 384 818 et
399 751 561 835 antiquas,
573 767 679 822 noras
694 750 925 826 instructores
941 759 978 826 in
993 755 1077 824 lucis
1088 753 1294 841 necessarijs
1311 751 1481 837 erigendo,

350 857 634 946 reambalataque,
649 864 683 928 et
692 863 737 930 ab
745 861 886 932 aliorum
896 861 1171 950 possessiundis
1183 860 1315 948 juribus
1332 857 1483 946 legitime

352 975 543 1054 separatam
559 974 593 1038 et
608 967 810 1058 distinctum,
827 977 954 1042 statuat
979 972 1119 1042 eandem
1135 969 1245 1038 eidem
1265 970 1394 1038 Lazaro
1410 967 1482 1034 Ab·

352 1075 423 1146 bati
438 1083 473 1145 et
486 1094 547 1146 suu
563 1075 768 1148 Monastcrio
786 1099 826 1149 eo
838 1082 925 1168 jure,
943 1099 1007 1166 quo
1023 1100 1066 1148 ex
1085 1078 1196 1150 causis
1207 1077 1380 1164 premissis
1395 1067 1483 1162 ipsii

352 1183 537 1256 ffinosoitrr
555 1185 723 1271 pertinere
747 1197 904 1276 perpetuo
928 1188 1187 1278 possidendam,
1214 1187 1322 1272 siper
1348 1185 1484 1268 aliquos

353 1314 421 1363 non
439 1292 541 1363 fcerit
567 1293 828 1384 contradictum,
844 1298 1105 1368 conmadictores
1128 1317 1209 1367 vero
1234 1295 1321 1378 siqui
1346 1293 1484 1376 fuerint,

355 1402 434 1470 citet
451 1401 545 1487 ipsos
561 1408 679 1474 contra
696 1414 902 1493 prenotatam
917 1407 1079 1476 Lazarum
1095 1406 1261 1474 Abbatem
1278 1404 1313 1472 iu
1328 1407 1487 1472 nostram

355 1509 564 1598 presenciam
579 1511 624 1579 ad
640 1513 812 1582 terminum
829 1521 1069 1602 competentem
1089 1513 1253 1583 rationem
1263 1511 1487 1580 contradicio·

355 1619 409 1688 nis
434 1621 582 1708 ipsoram
607 1620 803 1694 reddituros.
829 1626 872 1692 Et
895 1630 973 1710 post
997 1623 1060 1690 hec
1085 1623 1191 1710 ipsius
1216 1620 1489 1708 possessionarie

354 1724 610 1796 intruduccionis
626 1736 659 1798 et
686 1733 883 1801 statuuiunic
899 1752 940 1800 ac
956 1740 1120 1802 metarum
1142 1750 1301 1799 nouarum
1317 1727 1488 1798 erecionis

355 1835 475 1906 seriem
490 1855 564 1905 cnm
579 1838 768 1911 numinibus
780 1843 1056 1914 contradictorum
1073 1850 1106 1911 et
1118 1840 1306 1926 citatorum,
1322 1837 1412 1924 siqui
1431 1859 1489 1905 ex-

356 1945 484 2016 titerint
500 1947 704 2038 terminoque
729 1954 904 2036 assignato
921 1953 955 2020 in
970 1951 1090 2022 vestris
1113 1949 1234 2020 litteris
1250 1947 1345 2016 nobis
1362 1949 1489 2014 amica·

355 2055 468 2124 biliter
492 2055 698 2127 rescribatis.
724 2059 847 2129 Datum
862 2061 897 2130 in
912 2061 996 2129 ville
1021 2055 1257 2128 cruciferorum
1281 2074 1387 2141 prope
1403 2055 1489 2121 Tor·

357 2165 494 2234 dentem
510 2163 678 2237 ciuitatem
694 2171 727 2238 in
743 2171 829 2241 iusto
846 2169 943 2240 Beati
962 2169 1136 2238 Michaelis
1153 2165 1379 2252 Archangeli,
1394 2181 1488 2231 anno

357 2274 491 2354 Domini
507 2278 681 2350 millesimo
697 2280 778 2351 00⁰.
797 2278 984 2350 Lxxxxt
1000 2298 1098 2347 nono.

572 2477 716 2545 (Teutsch
730 2474 762 2536 es
775 2475 939 2534 Firmhaber
951 2473 989 2530 id.
1003 2492 1040 2532 m.
1052 2473 1075 2528 Ι.
1088 2473 1150 2530 ket.
1162 2470 1225 2528 211.
1240 2470 1273 2542 l.)
