3188 5238
366 1466 397 1534 A
406 1467 495 1556 pree
509 1463 663 1552 keptalaa
688 1462 884 1548 bircaysrtpot
910 1471 970 1525 tear
996 1461 1111 1544 armti„
1127 1458 1206 1545 lopy
1232 1458 1408 1546 oppetezrb'l
1427 1458 1486 1520 Ta.

366 1579 433 1642 mer
448 1573 584 1662 compca
596 1572 718 1660 pttapble
735 1573 765 1636 έε
780 1572 908 1634 teatctre
922 1570 1062 1634 Demeter
1077 1577 1185 1632 mester
1201 1589 1221 1630 a
1231 1565 1487 1653 Seerrte-Mriprtes

366 1680 590 1768 nemaeetstybt't,
600 1679 781 1744 mrtertszrb'l
793 1678 1044 1742 Lb're'aczrneater
1055 1679 1085 1739 ts
1101 1678 1229 1740 teatrere'
1242 1676 1351 1762 Filpes
1366 1683 1486 1757 mester,

368 1813 390 1856 a
404 1789 575 1856 ktebttblea
590 1787 930 1874 buporaairtaejtsactp
946 1786 1033 1849 irent
1042 1783 1131 1870 fclpt
1146 1783 1371 1870 uiltoapetaaalr
1388 1805 1488 1870 eppes-

670 1898 723 1980 stp
738 1893 819 1958 ‹tttal
832 1897 916 1980 repet
931 1893 1070 1960 netettele.
1085 1894 1183 1958 1293.

475 2132 546 2202 Nos
563 2129 749 2216 capitulum
775 2128 1138 2212 Quinqueecclesiensis
1164 2127 1313 2194 Ecclesie
1334 2126 1494 2195 memorie

371 2240 626 2310 conmendamus
642 2258 701 2324 per
716 2243 908 2321 presentes,
935 2239 1023 2319 quod
1038 2234 1195 2321 magister
1211 2237 1357 2304 Abream
1382 2238 1493 2304 Nota-

370 2351 436 2419 rius
452 2348 597 2436 capituli
626 2348 775 2413 Ecclesia
800 2345 999 2427 Bonnensir,
1025 2365 1085 2431 pro
1101 2343 1242 2410 dominis
1269 2345 1335 2410 suis
1352 2361 1495 2410 venera-

370 2459 436 2530 bile
452 2463 564 2544 patre,
592 2454 723 2521 domino
747 2451 874 2521 'lhoma
889 2451 953 2519 Dei
978 2452 1092 2532 gracia
1116 2450 1281 2536 Episcopo
1307 2451 1499 2518 Bonnensis

371 2566 531 2652 Ecclesie,
549 2572 581 2634 et
597 2583 655 2650 pro
681 2563 839 2646 magistro
860 2561 1026 2627 Demetrio
1051 2561 1155 2628 fratre
1181 2561 1307 2630 carnali
1334 2561 1500 2645 eiusdem,

373 2675 451 2762 filijs
467 2674 553 2740 Elek
569 2674 612 2739 de
628 2692 748 2760 genere
765 2670 1040 2756 Scentemagych,
1060 2669 1248 2736 exhibendo
1259 2670 1388 2736 litteras
1405 2668 1501 2734 eius-

374 2783 448 2851 dem
467 2781 590 2848 demini
606 2779 761 2866 Episcopi
770 2777 950 2846 Bonnensis
967 2778 1007 2844 de
1023 2777 1240 2847 ratiabicicne
1251 2781 1293 2846 ab
1310 2797 1373 2842 una
1385 2784 1501 2862 parte,

372 2889 491 2956 nobilis
508 2889 634 2956 iuuenis
653 2889 809 2970 magister
820 2887 1021 2954 Laureucius
1038 2887 1124 2954 filius
1136 2886 1284 2972 magistri
1297 2885 1371 2952 Phs.
1390 2881 1504 2970 (Phil-

376 2993 450 3086 pcs)
467 3018 526 3084 pro
542 3016 588 3079 se,
605 3002 638 3064 et
652 3015 712 3081 pro
729 2994 831 3063 fratre
847 3015 906 3062 suo
929 2995 1054 3062 carnali
1072 3001 1104 3060 ct
1119 2995 1277 3082 magistro
1297 2994 1372 3062 Phs.
1392 2991 1504 3079 (Phil-

375 3103 450 3194 pcs)
468 3112 598 3189 vocato,
614 3104 656 3173 ab
673 3106 795 3186 altera,
821 3102 1039 3188 personaliter
1058 3103 1092 3172 in
1109 3105 1213 3171 nostri
1229 3102 1401 3188 presencia
1418 3125 1505 3170 con·
1589 3071 1591 3196 Ι

376 3215 491 3296 stituti,
508 3214 678 3296 dixerunt,
697 3211 780 3297 quod
798 3231 868 3278 cum
886 3231 984 3300 super
1008 3213 1090 3280 facto
1108 3213 1196 3280 illius
1214 3213 1377 3299 porcionis
1395 3219 1505 3301 terre,
1589 3197 1591 3236 ³

377 3341 474 3408 quam
491 3323 677 3408 porcionem
701 3322 736 3386 iu
752 3327 839 3386 terra
865 3320 1022 3407 Kopoma
1046 3330 1166 3389 vocata
1191 3319 1339 3388 dominus
1355 3321 1505 3406 Episco-
1589 3275 1590 3330 l

375 3451 439 3518 pus
456 3431 636 3498 Bonnensis
653 3429 819 3508 Ecclesie,
845 3434 878 3493 et
896 3427 1053 3513 magister
1079 3427 1262 3496 Demetrius
1288 3430 1391 3496 frater
1415 3449 1506 3498 suus
1587 3379 1590 3520 l

377 3539 528 3623 carnalis,
545 3540 637 3606 titulo
654 3538 833 3623 empcionis
850 3537 1086 3622 dignoscuntur
1101 3539 1293 3626 possidere,
1318 3543 1405 3607 inter
1420 3561 1506 3625 par·
1588 3525 1589 3596 l

376 3657 428 3717 tes
444 3653 626 3716 uerteretur
650 3647 791 3713 materia
808 3648 1007 3733 questionis,
1023 3650 1237 3733 partibusque
1255 3649 1382 3716 diucius
1398 3650 1506 3716 alter·

376 3757 571 3842 quantibus‚
587 3756 723 3823 tandem
748 3754 926 3821 seeundum
952 3755 1124 3824 arbitrium
1150 3757 1326 3840 proborum
1352 3757 1506 3825 virorum

375 3865 692 3954 conprcuincialium,
709 3864 837 3950 prefata
853 3863 963 3949 porcio
979 3873 1065 3932 terre
1081 3865 1293 3953 ianporna,
1305 3867 1364 3934 sub
1383 3867 1507 3935 eodem

377 3977 471 4042 titulo
488 3974 666 4059 emptionis
684 3992 755 4040 cum
772 3973 920 4041 omnibus
941 3974 1008 4040 suis
1021 3974 1215 4045 utilitatibus
1234 3985 1267 4045 et
1283 3975 1508 4064 pertinencijs

378 4084 584 4169 quibuslibet,
602 4085 699 4150 cessit
710 4088 742 4149 et
757 4070 917 4150 remansit
929 4082 1033 4151 eidem
1051 4084 1181 4152 domino
1192 4086 1319 4152 Thome
1329 4086 1507 4173 Episcopo

378 4192 550 4276 Bonnensi,
568 4196 600 4258 et
616 4190 709 4259 fratri
726 4211 783 4258 suo
800 4192 958 4278 magistro
974 4195 1153 4278 Demetrio,
1174 4215 1352 4280 eorumque
1369 4195 1509 4263 heredi-

379 4299 441 4367 bus
458 4308 491 4368 et
516 4299 758 4369 successoribus
782 4299 1064 4372 irretractabiliter
1089 4310 1121 4371 et
1145 4303 1403 4373 irreuocabiliter
1431 4306 1509 4373 iure

380 4414 540 4496 perpetuo
556 4410 777 4495 possidenda,
803 4413 968 4496 prenotati
984 4421 1092 4480 autem
1109 4412 1238 4482 nobiles
1254 4413 1414 4498 iuuenes,
1436 4437 1509 4484 ma-

380 4518 484 4603 gister
499 4519 699 4586 Laurentius
716 4524 748 4583 et
763 4520 838 4586 Phs.
856 4527 1026 4588 cesserunt
1042 4527 1074 4588 et
1089 4524 1325 4589 renunciarunt
1344 4525 1438 4591 omni
1457 4527 1511 4594 liti

381 4635 413 4693 et
428 4625 555 4695 accioni
572 4645 641 4711 sue,
659 4645 754 4708 quam
771 4627 854 4694 forte
871 4648 956 4695 nunc
972 4629 1026 4698 uel
1043 4629 1077 4695 in
1093 4635 1268 4716 posterum,
1294 4631 1429 4700 racione
1448 4634 1510 4702 hu·

381 4733 431 4802 ius
446 4734 608 4822 porcionis
633 4739 718 4801 terre
736 4735 856 4804 collate
881 4737 914 4803 in
931 4739 1089 4825 Koporna
1114 4740 1275 4810 aduersus
1292 4741 1431 4811 eosdem
1452 4745 1511 4813 do-
