3262 5242
359 1158 423 1222 III.
441 1160 548 1224 Badra
564 1161 670 1244 ia'rriiy
690 1185 850 1248 parone-ra
874 1165 978 1228 Joinoa
995 1161 1335 1249 joraawkmoartea,
1361 1160 1444 1248 hopy
1463 1182 1485 1222 a

449 1269 577 1330 vaaerira'
594 1270 775 1356 cendwalam
790 1272 934 1336 Makrooo'
949 1271 1155 1337 birtoiortkbaa
1170 1270 1269 1356 v6dja.
1287 1273 1390 1335 1291.

465 1466 617 1533 Andrean
633 1466 695 1533 Dei
712 1468 827 1550 gracia
844 1467 914 1536 Rex
931 1467 1099 1552 Hungarie
1119 1465 1241 1534 dilecto
1258 1468 1324 1534 sibi
1342 1471 1376 1532 et
1393 1463 1484 1534 fideli

358 1571 531 1658 (Johanni)
557 1574 714 1659 Magistro
740 1575 1004 1643 Tawarnioorum
1024 1595 1167 1660 snorum,
1184 1575 1305 1644 Oomiti
1323 1573 1486 1660 Soproni-

360 1682 432 1748 ensi
449 1684 591 1749 salntem
609 1689 641 1746 et
656 1685 799 1766 graciam
812 1685 953 1768 plenam.
973 1685 1093 1750 Dicunt
1104 1682 1361 1771 nobishospires
1380 1681 1488 1748 nostri

360 1792 402 1856 de
419 1791 538 1859 Castro
555 1792 686 1874 Ferreo,
705 1794 791 1877 quod
809 1793 926 1860 Comes
942 1792 1094 1860 Andreas
1105 1793 1193 1860 filius
1210 1792 1347 1876 (ihopon
1365 1797 1489 1858 terram

360 1919 472 1965 eornm
488 1901 621 1966 Makwa
638 1909 789 1967 voeatam
806 1901 951 1968 indebite
967 1907 1162 1985 neonpatam
1178 1899 1416 1987 potencialiter
1433 1897 1489 1964 de-

359 2005 508 2091 stinaret,
524 2008 557 2074 in
576 2026 685 2073 eornm
702 2008 917 2092 preindioium
934 2015 967 2076 et
982 2027 1174 2092 grauamen.
1199 2007 1311 2086 Quare
1329 2005 1488 2072 fidelitati

358 2122 467 2180 resne
482 2114 676 2180 mandamus
703 2115 942 2200 precipienter,
967 2125 1128 2199 quatenus
1154 2115 1305 2201 prefatos
1333 2113 1488 2198 hospites

359 2223 392 2288 in
408 2221 650 2306 possessionem
664 2223 769 2307 ipsius
786 2231 872 2290 terre
890 2225 1073 2292 restituatis
1085 2224 1223 2311 jnaieia
1239 2223 1435 2303 mediante,
1454 2227 1487 2285 et

359 2349 457 2415 super
472 2329 546 2414 ipsa
561 2337 649 2396 terra
666 2335 887 2416 (tennemonn
912 2354 988 2400 nam
1004 2334 1153 2400 volumus
1163 2384 1173 2419 ,
1190 2339 1226 2398 vt
1241 2330 1308 2418 ipsi
1331 2329 1489 2415 hospites

334 2437 392 2502 ·in
409 2457 518 2504 eorum
540 2437 671 2522 juribus
696 2439 789 2506 illese
816 2446 1061 2506 conseruentur.
1078 2441 1202 2506 Datum
1229 2440 1315 2506 Albe
1340 2439 1374 2506 in
1403 2437 1490 2504 festo

359 2545 448 2612 Petri
471 2552 505 2610 et
520 2543 616 2610 Pauli
631 2544 871 2631 Apostolorum.

360 2736 463 2811 (Garai
475 2739 582 2796 Mikloa
595 2738 688 2796 nidor
701 2739 812 2797 lenoni
833 2739 1073 2812 italetlevalabiil,
1092 2744 1169 2814 moly
1183 2758 1201 2797 a
1216 2741 1342 2799 namneti
1358 2758 1494 2797 munaum

631 2829 754 2888 kdairati
768 2829 1031 2903 gynjtemanyaben
1045 2831 1205 2894 (iriatatiki

893 3146 1021 3161 “”“’“’“ῗ““““
1021 3145 1042 3154 ““

902 3719 950 3785 11.

359 3921 424 3985 III.
442 3921 552 3986 Eadra
565 3917 671 4005 airoiy
685 3918 861 4003 meyer-&atti
876 3938 897 3978 a
912 3916 1151 3982 boraooaoatraa'
1174 3921 1314 4004 aptitadq
1339 3917 1496 3982 azdmcira

360 4029 383 4094 I
386 4029 420 4093 V.
445 4029 527 4093 Bae
551 4026 658 4112 kiroly
684 4025 822 4089 1233-102·
848 4024 1059 4110 adomanyat,
1087 4027 1118 4088 aa
1145 4027 1207 4093 IV.
1234 4024 1356 4090 Ldaalo'
1381 4025 1496 4110 leirdly

577 4133 716 4198 1277-Ιεί
731 4131 970 4217 cannapariae&
984 4132 1155 4219 okracioydt
1170 4135 1271 4197 1291.

468 4329 643 4396 Ladizlaus
669 4326 731 4396 Dei
763 4326 877 4412 gracia
903 4325 1090 4413 Hungarie‚
1118 4329 1315 4413 Dalmaeie,
1340 4329 1499 4406 Groneia,

359 4442 483 4522 Rama,
500 4435 634 4521 Seruio,
651 4435 809 4516 Gallieie,
827 4435 1038 4512 Lodomerie,
1056 4437 1235 4518 Cumania,
1264 4436 1503 4521 Bulgarieque
1626 4443 1627 4452 ²

358 4549 431 4614 Rex
448 4545 633 4612 vnninereia
651 4544 774 4612 Christi
799 4542 947 4608 fidelibus
963 4547 1028 4606 tam
1044 4545 1260 4628 presentibus
1281 4564 1386 4630 quam
1403 4549 1495 4614 futu-

360 4660 405 4734 ris
431 4673 568 4746 presens
592 4653 749 4743 seriptum
773 4652 969 4736 inspecturis
994 4653 1132 4722 salutem
1149 4655 1181 4720 in
1199 4655 1346 4724 Domino
1370 4656 1500 4744 sempi-
1626 4735 1628 4746 ,
