3188 5238
357 1339 404 1404 Aa
420 1337 538 1424 erdelyi
551 1332 707 1421 lrdptalcrr
731 1328 1011 1419 bizooysrtpleuela,
1028 1328 1107 1416 kopp
1123 1329 1218 1392 Zelres
1238 1327 1410 1392 birtolrrrulr
1425 1326 1483 1390 ba-

357 1447 521 1533 tdrjdrdsa
536 1443 774 1529 mepturtctodrr,
794 1437 910 1525 Arare,
943 1436 1037 1522 Gyan
1052 1435 1104 1520 fia
1116 1485 1124 1519 ,
1143 1433 1266 1520 Godpm
1290 1434 1484 1499 Mmolrdban
1588 1523 1589 1526 Ἴ

771 1546 941 1634 bupyatott.
967 1546 1066 1609 1295.

464 1807 534 1874 Nos
544 1804 730 1890 Capitulum
740 1800 892 1869 Albensis
909 1796 1058 1865 Ecclesia
1075 1797 1171 1864 Beati
1186 1795 1359 1864 Michaelis
1376 1799 1484 1865 Aroh-
1588 1847 1590 1854 Α

360 1911 470 1999 angeli
487 1911 787 2001 Transylvanensis
815 1906 1036 1992 significamus
1054 1905 1227 1987 universis,
1249 1906 1367 1987 quibus
1384 1927 1485 1995 expe·

361 2025 409 2092 dit
426 2022 632 2110 presencium
651 2040 709 2104 per
732 2025 896 2102 tenorem,
922 2015 1012 2096 quod
1035 2033 1107 2078 cum
1127 2014 1286 2099 magister
1311 2015 1484 2098 vinianae,

361 2133 479 2200 (lomes
495 2132 632 2200 (lamere
655 2126 776 2194 domini
791 2123 893 2207 Regis
921 2129 953 2188 et
969 2123 1011 2190 de
1027 2125 1212 2206 Beztercze,
1237 2143 1296 2207 per
1316 2121 1485 2190 domiuum
1591 2161 1592 2228 3

361 2243 483 2323 Regem
499 2243 691 2324 procurator
706 2234 926 2320 possessionis
944 2231 1050 2298 Zekes
1067 2230 1246 2314 institutus,
1272 2230 1317 2296 ad
1332 2233 1485 2300 reambu·

365 2347 496 2413 landum
514 2354 634 2412 terram
652 2343 769 2425 Zekes,
794 2347 891 2428 prout
905 2339 1004 2408 moris
1021 2345 1072 2406 est
1087 2346 1186 2422 atque
1198 2340 1305 2424 juris,
1331 2360 1403 2406 cum
1429 2341 1488 2407 ho·

365 2455 451 2522 mine
466 2454 589 2521 domini
613 2451 713 2537 Regis
739 2459 773 2517 et
788 2458 902 2516 nostro
919 2449 1126 2528 accessisset,
1152 2453 1184 2514 et
1200 2449 1369 2529 quandam
1384 2451 1488 2534 parti·

366 2565 475 2630 culam
490 2569 575 2629 terre
585 2557 714 2644 Godym
729 2565 855 2642 vocate,
875 2577 939 2640 quo
950 2556 1130 2642 vulgariter
1146 2556 1367 2641 Ringyllrirch
1382 2560 1486 2625 nomi·

365 2679 470 2749 natur,
486 2671 529 2736 ad
547 2672 649 2754 ipsam
665 2667 913 2753 possessionem
928 2665 1034 2732 Zekes
1059 2669 1213 2749 spectare
1229 2673 1422 2733 constanter
1436 2689 1486 2735 as·

366 2785 498 2863 sereret,
517 2779 594 2861 quia
610 2783 719 2843 tamen
737 2778 853 2844 Comes
874 2774 1028 2856 Alardus,
1040 2773 1173 2856 juvenis
1190 2772 1277 2840 filius
1299 2775 1420 2862 Gyaan
1444 2779 1488 2844 de

369 2888 531 2973 Vinalrna,
547 2884 696 2951 dominus
713 2881 929 2968 possessionis
955 2879 1144 2966 supradicte
1169 2879 1301 2966 Godym
1321 2883 1489 2968 videlicet,

367 2997 424 3080 qui
438 2995 534 3061 titulo
559 2993 705 3060 emtionis
721 2992 869 3078 possedit
884 3008 986 3074 usque
1002 2989 1112 3068 modo,
1128 2990 1404 3072 quemadmodum
1426 3012 1489 3060 sua

368 3122 467 3191 super
483 3103 545 3168 hoc
564 3101 710 3168 exhibita
729 3101 870 3185 probant
894 3098 1105 3173 munimenta,
1132 3097 1240 3164 eidem
1266 3099 1357 3166 circa
1381 3108 1490 3168 metas

371 3212 533 3298 particule
548 3217 634 3276 terre
651 3208 813 3293 prelibate
829 3207 1036 3274 contradixit.
1053 3206 1121 3273 Sed
1136 3226 1237 3290 quum
1253 3229 1319 3274 non
1335 3209 1491 3276 obstante

371 3320 634 3386 contradiccione
651 3317 845 3402 hujusmodi,
866 3314 938 3400 ipse
954 3315 1111 3400 magister
1133 3310 1290 3384 Vinianus
1307 3337 1407 3402 super
1417 3318 1493 3404 ipsa

371 3447 444 3494 eum
460 3427 671 3511 possessione
687 3425 824 3510 pacifice
839 3443 1009 3491 remanere
1031 3445 1098 3490 non
1114 3424 1255 3510 sinebat,
1271 3427 1407 3492 tandem
1421 3426 1492 3493 tale

372 3535 553 3604 remedium
568 3533 679 3621 probis
689 3535 768 3601 viris
785 3533 1079 3601 intervenientibus
1091 3539 1141 3600 est
1159 3537 1338 3618 inventum,
1354 3541 1390 3604 ut
1405 3531 1492 3604 idem

371 3643 513 3712 Alardus
529 3642 657 3711 domino
673 3641 755 3728 Regi
771 3649 804 3706 et
819 3642 887 3708 suis
904 3642 1151 3727 adherentibus,
1171 3643 1330 3729 precipue
1349 3644 1415 3728 ipsi
1426 3666 1492 3713 ma

373 3753 475 3839 gistrc
490 3751 643 3834 Viniano,
662 3769 756 3815 omne
781 3750 952 3820 fidelitatis
968 3752 1163 3834 obsequium
1180 3753 1412 3838 repromittat;
1428 3774 1493 3837 quo

373 3861 462 3927 facto
477 3861 636 3945 magister
661 3855 820 3926 Vinianus
837 3859 1024 3946 sepedictus
1051 3859 1223 3928 confessus
1240 3867 1293 3927 est
1309 3881 1420 3930 coram
1436 3885 1494 3932 no·

375 3969 427 4036 bis
444 3969 487 4033 ab
501 3967 742 4051 inquietaoione
761 3967 877 4034 Alardi
893 3968 1035 4052 sepefati
1060 3970 1191 4037 omnino
1208 3989 1352 4054 cessare,
1370 3979 1403 4038 et
1419 3993 1494 4040 eum

375 4075 409 4140 in
424 4075 561 4160 pacifica
575 4075 786 4162 possessione
801 4077 903 4160 ipsius
920 4084 1008 4143 terre
1025 4077 1157 4163 (iodym
1172 4098 1345 4147 reservare
1357 4082 1419 4147 sub
1434 4085 1496 4149 eis-

378 4187 451 4250 dem
475 4185 571 4250 metis
605 4191 637 4249 et
653 4184 819 4268 terminis,
840 4184 957 4266 quibus
985 4185 1078 4272 ipse,
1103 4193 1136 4250 et
1163 4188 1420 4270 predecessores
1443 4190 1499 4256 sui

377 4299 554 4360 noscuntur
565 4290 754 4375 possedisse
771 4292 913 4376 tamdiu,
931 4292 1037 4359 donec
1052 4290 1133 4360 fines
1151 4295 1406 4380 promissionum
1422 4318 1497 4365 sua-

380 4420 449 4465 rum
465 4419 573 4465 corum
598 4398 691 4464 nobis
707 4398 868 4464 factarum
884 4419 948 4466 non
965 4402 1114 4468 excedet.
1141 4404 1179 4468 In
1195 4405 1287 4489 cujus
1304 4407 1354 4471 rei
1378 4427 1496 4473 memo-

379 4509 461 4573 riam
477 4511 509 4570 et
523 4505 609 4572 facte
625 4505 842 4572 ordinacionis
860 4507 1053 4593 firmitatem,
1070 4511 1113 4576 ad
1129 4512 1327 4579 instanciam
1349 4516 1496 4600 parcium

381 4621 510 4681 nostras
530 4613 750 4679 concessimus
766 4613 895 4700 literas,
922 4617 1033 4699 sigillo
1059 4625 1170 4686 nostro
1187 4621 1413 4705 consignatas.
1432 4621 1498 4686 Da·
