3262 5242
401 1218 508 1284 Esodrc
523 1217 590 1304 cyri
599 1217 721 1308 pdapdlc
748 1238 768 1279 α
784 1215 890 1280 lamaci
914 1217 1021 1279 odrosr'
1036 1214 1186 1301 epylrdzat
1202 1237 1240 1278 uz
1258 1217 1359 1280 ultani
1383 1227 1515 1303 espereat

636 1323 759 1389 tellao·
773 1325 921 1409 lrotdadpa
936 1321 1002 1388 atel
1010 1321 1165 1407 selmcutt'.
1183 1325 1280 1388 1290.

506 1523 655 1590 Andreas
679 1519 892 1588 miseracione
917 1519 1039 1586 Diuina
1067 1521 1249 1606 Episcopus
1275 1523 1450 1608 Agriensis
1469 1523 1512 1589 ad

400 1631 624 1698 uniuersorum
641 1629 805 1708 noticiam,
830 1648 966 1712 quornm
982 1630 1120 1696 interest
1136 1630 1188 1696 vel
1205 1632 1365 1699 interesse
1381 1634 1512 1716 poterit,

400 1741 547 1808 volumus
563 1738 731 1825 peruenire
746 1756 805 1822 per
829 1757 968 1821 presens
986 1737 1153 1822 scriptum,
1174 1739 1262 1819 quod
1277 1740 1394 1825 ludex,
1407 1742 1511 1822 ciues,

402 1857 434 1914 et
449 1849 644 1916 uniuersitas
669 1847 832 1932 hospitum
849 1846 891 1912 de
908 1846 1013 1913 Cassa
1027 1853 1138 1914 nostre
1155 1847 1324 1931 Dioeesis,
1351 1849 1465 1916 dilecti
1482 1850 1513 1913 in

402 1957 531 2024 consto
547 1956 606 2023 dlii
621 1956 737 2039 nostri,
754 1955 797 2021 ad
812 1959 957 2020 nostram
976 1955 1193 2039 personaliter
1219 1955 1417 2024 accedentes
1443 1976 1513 2042 pre-

401 2066 558 2148 senciam,
575 2063 706 2131 anobis
724 2083 796 2132 cum
815 2063 938 2130 deuota
952 2082 1087 2147 precum
1112 2063 1276 2130 instancia
1292 2065 1516 2150 supplicantes

402 2173 577 2260 pecierunt,
596 2179 632 2240 vt
647 2174 737 2258 ipsos
748 2177 781 2236 et
796 2172 978 2239 Ecclesiam
995 2190 1107 2236 eorum
1118 2170 1161 2237 ab
1177 2171 1324 2238 indebita
1333 2172 1513 2242 vexacione

401 2282 598 2369 parochialis
613 2279 844 2350 Archidiaconi
855 2287 886 2344 et
903 2279 1115 2346 immoderato
1127 2277 1317 2346 Diuinorum
1328 2280 1513 2366 interdicto,

401 2398 436 2458 vt
451 2391 609 2460 hactenus
635 2388 819 2472 frequenter
843 2387 983 2472 accidit,
1010 2387 1151 2473 petendo
1177 2410 1235 2473 pro
1260 2390 1406 2473 quolibet
1433 2409 1512 2458 casu

401 2501 515 2568 mortis
530 2497 693 2566 hominnm
710 2517 807 2565 sexus
824 2497 991 2579 utriusque
1007 2500 1159 2583 penalem
1175 2519 1320 2566 marcam
1337 2520 1395 2585 pro
1412 2500 1511 2567 homi·

402 2609 485 2676 cidic
502 2605 733 2693 quouismodo,
744 2607 815 2672 siue
827 2611 989 2692 appareat
1006 2606 1075 2673 siue
1086 2605 1336 2690 nonhomicida,
1356 2609 1514 2675 alleuiare

402 2718 619 2803 dignaremur.
642 2715 711 2781 Nos
727 2714 826 2798 igitur
841 2716 986 2782 volentes
1012 2713 1169 2782 effrenate
1185 2715 1377 2783 ambicionis
1393 2719 1512 2804 vicium

402 2825 579 2909 refrenare,
597 2831 630 2889 et
645 2822 732 2906 quod
748 2823 885 2889 informe
903 2829 954 2889 est
970 2821 1157 2910 reformare,
1169 2844 1210 2891 ex
1226 2824 1324 2891 officii
1340 2827 1446 2894 nostri
1461 2826 1512 2894 de-

402 2938 480 3013 bito,
497 2942 529 3002 et
544 2934 599 3020 pic
615 2931 876 2998 condescendere
893 2931 1088 3017 petentibus,
1105 2932 1301 3020 peticionem
1312 2941 1345 3001 et
1364 2942 1444 3001 vota
1459 2936 1512 3002 Ju-

402 3047 483 3114 dicis
500 3051 532 3110 et
540 3044 700 3127 hospitum
712 3041 939 3125 predictorum,
949 3058 1020 3106 cum
1031 3041 1096 3105 sint
1105 3040 1163 3108 tilii
1180 3042 1284 3108 eciam
1293 3044 1412 3110 uterini
1427 3040 1512 3128 (lgy)

403 3153 562 3238 ldcolesie,
573 3157 710 3236 paterna
720 3148 969 3216 mansuetudine
979 3149 1226 3234 amplectentes,
1238 3151 1420 3218 Ecclesiam
1431 3152 1514 3236 ipso

401 3284 471 3331 rum
487 3260 606 3328 nedum
623 3257 856 3341 aggrauamine
871 3256 1121 3322 homicidiorum
1139 3257 1258 3340 petito,
1276 3278 1386 3324 verum
1404 3260 1509 3324 eciem

402 3373 444 3438 ab
469 3370 556 3436 omni
576 3367 806 3452 jurisdiccione
831 3364 1062 3431 Archidiaconi
1090 3365 1289 3450 parochialis
1314 3364 1512 3432 authoritate

402 3479 603 3568 presencium
621 3496 731 3544 amore
756 3475 920 3560 hospitum
944 3475 1162 3559 predictorum
1187 3475 1337 3541 duximus
1363 3475 1510 3543 eximen-

402 3589 488 3654 dam.
512 3585 741 3653 Concessimns
759 3584 872 3664 eciam,
889 3588 925 3650 vt
941 3601 1054 3649 omnes
1071 3602 1187 3649 causas
1204 3584 1393 3667 spirituales
1411 3584 1445 3650 in
1462 3606 1512 3650 ea·

403 3699 475 3765 dem
490 3696 572 3762 villa
590 3701 792 3779 emergentes
802 3693 918 3758 Rector
934 3692 1004 3758 siue
1021 3693 1176 3760 sacerdos
1188 3693 1290 3779 ipsius
1307 3693 1459 3759 Ecclesie
1474 3694 1512 3758 dc

403 3807 510 3874 (lassa
519 3803 669 3892 judicare
684 3800 807 3888 possit,
834 3799 924 3865 etad
940 3797 1026 3881 quod
1041 3800 1095 3864 vel
1110 3800 1154 3865 ad
1171 3819 1252 3883 quas
1272 3799 1374 3882 ipsius
1391 3799 1511 3886 pericia

402 3935 466 3980 non
482 3911 644 3981 sufficeret
656 3907 865 3994 judicandas,
883 3907 917 3972 in
932 3907 983 3971 his
999 3907 1043 3974 sit
1057 3907 1102 3973 ad
1118 3928 1179 3975 nos
1189 3908 1430 3975 recurrendum.
1448 3909 1511 3973 Da·

402 4027 468 4088 turn
484 4022 518 4087 in
534 4019 641 4087 Zekes
656 4037 741 4084 anno
757 4015 889 4082 Domini
905 4013 955 4082 Μ0
971 4013 1040 4080 00⁰
1055 4008 1278 4101 nonagesimo.

402 4213 489 4286 (mro
509 4218 569 4288 ege
581 4216 696 4289 proper
709 4210 820 4268 resa-rr
833 4209 1006 4280 magenerus
1019 4209 1223 4282 oumenyeuor
1242 4212 1319 4282 moly
1332 4211 1395 4268 nen
1409 4212 1513 4288 „Agere

402 4310 432 4363 in
444 4306 545 4376 vigilia
557 4305 643 4364 Beati
651 4303 760 4361 Mathai
769 4301 898 4373 Apostoli
909 4307 938 4356 et
947 4301 1161 4374 Evangeliste“,
1171 4301 1201 4358 es
1212 4302 1347 4358 driztetilr
1358 4303 1456 4360 Kassa
1467 4300 1514 4360 vd·
1621 4319 1622 4338 ³

403 4417 449 4456 ros
462 4395 668 4456 levdltdrdban.
685 4391 847 4453 Kivonatat
859 4391 974 4447 lnttadlte
987 4389 1072 4460 Fejdr
1083 4391 1152 4447 Cod.
1164 4393 1242 4464 Dipl.
1256 4392 1305 4448 VI.
1319 4393 1346 4448 k.
1357 4393 1380 4450 1.
1393 4414 1415 4448 r.
1429 4394 1473 4450 73.
1482 4392 1514 4465 l.)

842 4675 1031 4688 nun—u·-
