3166 5238
331 1153 396 1222 ΠΙ.
412 1154 522 1220 aare
537 1154 646 1242 cressy
670 1154 815 1221 Plataea
830 1159 1004 1245 jescae,
1023 1159 1058 1222 cs
1081 1142 1190 1236 crassi
1215 1155 1322 1223 celsos
1345 1157 1456 1240 asari,

331 1261 468 1354 Geryely
482 1263 608 1332 lancae
623 1267 654 1330 ds
669 1265 779 1336 Ictcdc
787 1265 937 1352 gedsacle,
950 1267 1050 1334 Mcrk
1057 1268 1199 1354 ficiculo,
1211 1267 1456 1354 adomdayozza.

846 1375 943 1439 1296.

438 1565 507 1638 Nos
523 1568 676 1638 Andreas
693 1569 757 1638 Dei
782 1572 898 1656 gracia
913 1573 986 1639 Rex
1002 1571 1173 1656 Hungarie
1197 1569 1355 1638 memorie
1372 1589 1458 1636 com-

331 1678 527 1748 mendantes
543 1679 778 1768 significamus,
796 1681 917 1766 quibus
934 1681 1070 1770 expedit
1080 1679 1254 1766 uniuersis,
1272 1680 1360 1766 quod
1377 1679 1459 1764 quia

332 1789 531 1875 Stephanus,
542 1787 727 1876 *Ladislaus
744 1797 777 1858 ct
795 1790 948 1878 Vgrinus,
974 1790 1035 1877 filij
1052 1787 1214 1872 Ladislai‚
1230 1789 1332 1856 multa
1348 1786 1461 1874 spolia

332 1915 391 1964 sen
406 1895 581 1965 latrocinia
597 1902 713 1964 contra
729 1905 878 1967 nostram
894 1897 1104 1966 Maiestatem
1121 1895 1335 1982 procedendo
1350 1896 1458 1962 inces-

333 2011 447 2073 santer
472 2003 765 2096 indesinenterque
790 2008 825 2076 in
851 2008 966 2094 Regno
983 1987 1098 2075 nostro
1125 2003 1379 2090 commiserunt,
1398 1993 1460 2089 pr'o

334 2131 373 2179 eo
389 2113 515 2198 eciam,
541 2111 619 2198 quia
644 2113 875 2198 possessiones
892 2113 1047 2200 Gregorij
1071 2113 1157 2179 Bani
1173 2116 1207 2177 et
1223 2111 1360 2180 Comitis
1387 2113 1460 2181 Ste-

332 2219 456 2309 phani,
473 2220 612 2288 liliorum
629 2220 768 2290 domitis
785 2225 882 2292 Mark
897 2223 1022 2310 pluries
1039 2213 1296 2304 destruxerunt,
1321 2239 1381 2306 pro
1400 2221 1461 2288 hu·

334 2327 476 2399 inemodi
492 2330 686 2399 excessibus
707 2351 839 2414 eorum,
860 2332 1032 2399 uniuersas
1054 2330 1285 2416 possessiones
1302 2329 1460 2414 ipsorum,

335 2445 369 2508 et
393 2437 597 2528 specialiter
616 2439 847 2526 possessiones
874 2441 984 2509 Peech
1009 2443 1081 2508 sine
1113 2439 1235 2507 herede
1259 2437 1460 2524 decedentis,

334 2567 418 2634 quas
433 2533 569 2617 actenus
585 2550 822 2634 potentialiter
833 2548 1042 2618 detinuerunt
1053 2555 1246 2636 occupatas,
1264 2547 1458 2616 sufferendo

334 2659 378 2726 ab
403 2655 547 2740 eisdem,
572 2675 632 2744 pro
658 2659 811 2746 dampnis
837 2665 871 2726 et
896 2659 1025 2746 iniurijs
1051 2679 1111 2744 per
1136 2657 1268 2725 eosdem
1300 2655 1459 2743 Gregorio

334 2767 429 2836 Banc
445 2773 479 2835 et
495 2765 665 2853 Stephano
676 2767 796 2836 domiti
812 2769 924 2852 illatis,
943 2766 1105 2851 dedimus,
1121 2765 1315 2835 donauimns
1333 2771 1366 2831 et
1383 2786 1458 2834 con·

335 2876 480 2944 tullimus
505 2883 688 2944 memorato
705 2876 868 2964 Gregorio
884 2879 977 2946 Bano
1005 2883 1037 2944 et
1053 2875 1173 2946 comiti
1198 2873 1367 2960 Stephano
1387 2895 1457 2960 per-

334 2991 434 3072 petuo
451 2984 680 3072 possidendas,
698 2987 862 3054 tenendas
878 2993 911 3053 et
927 2985 1107 3054 habendas.
1125 2987 1249 3052 Datum
1266 2985 1327 3051 sub
1343 2989 1454 3052 castro

335 3093 483 3178 szegh
499 3093 534 3160 in
549 3094 676 3160 octauis
703 3095 798 3162 Santi
812 3094 985 3163 Michaelis
1001 3092 1202 3182 Archangeli
1223 3111 1311 3161 anno
1326 3091 1459 3158 Domini

336 3203 387 3273 Μο
403 3201 474 3270 00⁰
490 3202 705 3288 nonagesimo
722 3208 828 3272 sexto.

338 3397 559 3472 (GaraiMihlds
570 3397 662 3456 uddor
676 3397 789 3456 1433-ὶί
807 3395 970 3468 icslcecbo'l,
990 3399 1125 3470 mclynck
1144 3395 1272 3453 credetis
1290 3394 1426 3452 driztetik
1439 3415 1458 3454 a

413 3544 416 3550 ,
489 3519 491 3524 ·
545 3490 816 3550 namnetilluseum
828 3490 950 3550 henirati
963 3483 1249 3563 gyitjtemdnyeben.)
1438 3489 1442 3494 “
