3188 5238
388 1194 451 1260 ΙΙΙ.
468 1194 576 1258 Eadrc
591 1191 697 1280 kirddy
713 1217 734 1257 c
751 1190 927 1260 Gatdkolad
942 1195 1158 1281 ncmzetrdpdo'l
1182 1195 1257 1260 nolo
1271 1191 1417 1259 Lotddrd
1431 1192 1502 1257 bein

388 1303 452 1366 nolo
467 1305 498 1367 c's
505 1303 620 1387 fidnok
637 1302 824 1382 Ldozlducd,
842 1301 900 1366 IV.
920 1301 1034 1368 Ldozlo'
1059 1306 1090 1369 da
1105 1327 1142 1368 aa
1158 1305 1177 1368 ὅ
1192 1301 1334 1388 idcjobele'
1350 1301 1501 1366 lorido-rotic-

388 1411 449 1476 doa
465 1422 519 1478 teti
534 1414 578 1477 lud
591 1413 847 1499 ezolpcilatoilrdrt
856 1463 865 1496 ,
892 1435 912 1476 o
928 1413 1056 1479 Sceneos
1070 1415 1159 1478 oize'n
1174 1410 1320 1498 drengos
1337 1409 1404 1495 (nro
1420 1410 1500 1474 Arn-

388 1519 635 1608 nyoe-Medpyoe)
654 1519 710 1584 oio
726 1522 804 1608 jo'od
817 1519 905 1587 ednod
928 1521 1034 1586 rakott
1050 1521 1190 1610 hajokrol
1214 1521 1259 1584 20
1272 1520 1408 1586 kdsooan
1424 1539 1501 1604 anep-

388 1628 551 1714 ciilopa'tott
565 1628 748 1714 odmjokra,
773 1628 880 1714 melyet
895 1630 962 1716 neap
987 1627 1129 1694 Lotddrd
1152 1634 1241 1718 otyja
1258 1627 1323 1693 Pol
1345 1627 1379 1693 V
1396 1626 1502 1700 Iotodn

387 1737 539 1824 direptor
554 1759 575 1799 o
599 1737 690 1800 stoier
715 1735 895 1801 lrdborribarc
920 1747 973 1802 retr
993 1737 1037 1800 dd
1061 1737 1295 1826 szolpolaraiort
1320 1745 1408 1821 ngert
1431 1734 1501 1798 odo·

283 1823 288 1832 Ι
652 1844 869 1932 attingeremus*
885 1845 1054 1933 odomcinpt
1069 1845 1122 1912 od.
1148 1847 1243 1912 1292.

485 2039 635 2109 Andreas
646 2043 710 2134 Dei
719 2042 1021 2129 graciaHnngarie,
1033 2042 1213 2128 Dalmacie,
1225 2043 1376 2122 Oroacie,
1386 2039 1499 2124 Rame,

387 2153 511 2236 Seruio,
528 2151 677 2235 Gallicie,
695 2150 899 2237 Lodomcrie,
917 2153 1083 2239 Cumania,
1102 2153 1323 2240 Bulgarieque
1340 2154 1424 2236 Rex,
1436 2170 1500 2215 om-

386 2261 480 2330 nibus
498 2261 619 2330 Christi
635 2258 785 2326 fidelibus
813 2269 996 2346 presentem
1016 2263 1174 2349 paginam
1199 2261 1398 2349 inspecturis
1416 2259 1499 2326 salu-

385 2379 450 2438 tem
466 2371 498 2436 in
516 2371 658 2436 omniurn
683 2371 860 2438 saluatore.
885 2373 937 2438 Ad
954 2372 1178 2441 vniuersorum
1205 2371 1364 2437 noticiam
1387 2376 1500 2435 tenore

386 2481 589 2565 presencium
605 2479 754 2545 volumus
772 2481 962 2564 peruenire,
981 2479 1067 2564 quod
1084 2479 1269 2547 Lothardns
1286 2483 1399 2547 Banus
1414 2474 1500 2546 filins

386 2585 520 2654 Comitis
536 2587 630 2651 Pauli
647 2586 688 2652 de
713 2605 832 2673 genere
852 2585 1027 2655 thkeled
1037 2639 1046 2672 ,
1066 2596 1098 2654 et
1114 2587 1288 2656 Ladislaus
1316 2587 1498 2666 filiuseius,

386 2695 431 2761 ad
447 2701 590 2761 nostram
609 2695 804 2761 accedentes
822 2697 1027 2778 presenciam
1045 2697 1140 2763 nobis
1165 2695 1350 2782 significare
1367 2715 1500 2761 ourane-

384 2809 467 2888 runt,
485 2803 573 2884 qnod
590 2803 739 2869 dominus
756 2800 972 2890 St(ephanus)
990 2805 1226 2872 Serenissimus
1243 2807 1312 2871 Rex
1331 2801 1498 2889 Hungarie

386 2913 473 2977 clare
489 2912 661 2996 memorie,
688 2932 746 2996 pro
763 2913 938 2996 meritorijs
965 2913 1115 3000 seruicijs
1132 2920 1165 2980 et
1182 2911 1397 2980 fidelitatibus
1418 2915 1499 2979 eius-

385 3018 457 3086 dem
475 3018 605 3085 Gomitis
622 3019 714 3085 Pauli
730 3021 833 3104 patris
850 3020 951 3107 ipsius
969 3019 1126 3086 Lethardi
1144 3022 1228 3088 Bani
1245 3020 1350 3087 eidem
1368 3020 1499 3087 domino

384 3126 550 3211 Stephano
576 3129 659 3212 Regi
675 3130 709 3194 in
736 3129 883 3194 omnibus
901 3129 1171 3216 expedicionibus
1196 3132 1302 3213 Regni
1319 3140 1386 3197 tarn
1403 3151 1499 3214 gene-

385 3237 510 3302 ralibus
526 3254 624 3318 quam
641 3237 912 3322 particularibus,
930 3246 963 3302 et
979 3238 1174 3323 specialiter
1191 3261 1229 3306 eo
1245 3243 1402 3325 tempore,
1427 3260 1499 3305 cum

385 3344 533 3411 homines
559 3363 617 3411 seu
641 3347 809 3430 regnicole
836 3347 981 3415 Ducatus
1017 3347 1147 3434 Styrie,
1175 3355 1250 3414 tunc
1276 3349 1432 3429 temporis
1456 3347 1498 3414 ad

384 3452 491 3536 ipsum
519 3455 681 3520 dominnm
708 3456 830 3540 Regem
858 3456 1062 3542 Stephanum
1090 3457 1290 3542 pertinentes
1317 3456 1359 3524 ab
1386 3457 1498 3525 eodem

386 3561 516 3629 domino
533 3563 701 3650 Stephano
718 3565 809 3647 Rege
827 3565 972 3648 peruersi
987 3565 1019 3630 in
1038 3566 1209 3651 perfidiam
1227 3585 1262 3632 se
1280 3571 1496 3648 retraxerant,

383 3670 415 3735 in
432 3667 582 3738 conflictu
599 3679 713 3738 contra
730 3673 861 3739 eosdem
886 3674 1032 3742 homines
1049 3675 1182 3761 Styrie,
1212 3694 1271 3758 per
1289 3680 1498 3740 memoratum

382 3779 581 3866 Stephanum
597 3783 716 3866 Regem
733 3782 856 3865 habito,
875 3784 929 3850 vbi
940 3784 1153 3851 Lodomerius
1174 3783 1262 3850 filins
1276 3783 1409 3869 Mayad,
1426 3801 1496 3848 con-

382 3891 581 3974 sanguineus
607 3891 771 3976 ipsorum,
798 3900 830 3958 et
847 3894 930 3960 aiter
946 3900 1107 3979 cognatus
1134 3911 1247 3957 eorum
1269 3893 1400 3957 nomine
1416 3893 1496 3957 Lau-

381 3999 512 4066 reucius
529 4001 571 4066 de
587 3999 738 4086 Pardan,
765 4021 805 4067 ac
823 4003 1033 4088 septuaginta
1056 4002 1241 4068 seruientes
1269 3998 1419 4066 eiusdem
1438 3997 1494 4066 Oo-

383 4110 469 4176 mitis
486 4109 578 4178 Pauli
604 4111 778 4178 extiterant
795 4112 993 4196 interempti,
1011 4117 1042 4178 et
1057 4112 1142 4179 idern
1159 4110 1278 4176 Comes
1304 4109 1426 4176 Paulus
1448 4107 1464 4172 f
1484 4145 1493 4154 -

384 4225 454 4283 erat
481 4217 685 4304 captiuatus,
711 4225 743 4284 et
768 4219 892 4285 tamdiu
919 4221 952 4284 in
978 4219 1168 4305 captiuitate
1194 4218 1365 4304 detentus,
1391 4219 1493 4285 donoc

384 4325 525 4408 quadam
550 4329 762 4412 possessione
788 4347 849 4394 sua
865 4329 988 4413 Mayad
1014 4336 1153 4412 vocata,
1180 4347 1242 4412 pro
1267 4325 1492 4411 redempcione

383 4451 521 4518 persone
537 4454 596 4500 sne
611 4435 755 4520 vendita,
772 4435 888 4502 fuisset
904 4435 1081 4524 liberatns5
1105 4435 1291 4502 huiusmodi
1317 4445 1492 4519 prouentus

382 4541 414 4605 in
431 4543 552 4608 tributo
569 4545 798 4626 proueniantes
817 4543 1022 4628 ordinasset,
1041 4544 1200 4621 dedisset,
1219 4550 1253 4608 et
1269 4543 1373 4609 eciam
1392 4553 1494 4610 contu·

382 4649 476 4717 lisset
492 4670 550 4716 sno
568 4652 740 4737 priuilegio
758 4651 941 4737 mediante,
960 4654 1042 4719 utin
1058 4651 1156 4722 fluuio
1177 4653 1309 4737 Zomus,
1327 4652 1369 4718 de
1388 4654 1492 4738 quali·
