3166 5238
580 287 738 385 „Q

95 486 217 550 meritc
233 485 418 572 promereri.
437 482 555 552 Datum
575 485 775 570 Romeapud
792 485 951 552 Sanctum
963 485 1093 552 Petrum
1111 484 1220 550 kalen-

94 593 153 658 dis
170 592 271 678 Maji,
289 592 500 660 Pontificatus
518 595 622 662 nostri
639 614 725 660 anno
742 602 866 676 quarto.

90 788 187 859 (VHI.
206 787 345 845 Bonifacu
366 791 443 862 papa
466 790 657 863 Regcstaiibol
679 789 808 847 Theiner
830 791 1019 848 Monumenta
1039 787 1094 844 stb.
1113 789 1135 844 I.
1158 786 1221 842 ket.

607 884 667 937 scr.
681 877 711 948 1.)

528 1182 692 1191 -m-..u
698 1182 802 1192 *-

98 1915 186 1981 Tele
214 1917 301 1980 eraclo
328 1917 358 1980 c'c
382 1917 505 2004 ptispblc
528 1914 653 2001 pyt'tle'sc
680 1913 845 1980 Romdbcu
869 1936 889 1976 o
908 1915 1061 1998 sepeocdrc‘
1085 1911 1225 1979 dumosae

253 2022 430 2110 tcmptomdt
445 2023 638 2112 trrjedctusec
653 2023 809 2088 bucsccbarc
824 2023 972 2088 ro'sacct'tc‘.
990 2022 1086 2088 1298.
1133 2071 1135 2077 ,

208 2241 380 2310 Universis
393 2239 515 2308 Christi
530 2239 682 2308 fidelibus
700 2244 871 2326 presentes
889 2239 1017 2306 litteras
1033 2241 1224 2322 inspecturis

94 2369 160 2416 nos
177 2350 389 2417 miseratione
407 2351 530 2418 Divina
540 2352 640 2418 frater
657 2348 800 2416 Basilius
810 2348 1097 2416 Jerosolimitanus
1112 2350 1223 2416 Arme·

96 2478 228 2546 norum,
239 2459 495 2528 fraterJoannes
512 2461 541 2526 J.
556 2459 737 2528 'lusitanus
749 2457 1009 2542 Archiepisoopi‚
1026 2456 1128 2522 frater
1144 2460 1224 2524 Mat·
1322 2516 1325 2522 s

94 2568 197 2636 theus
214 2569 410 2652 Vegliensis,
427 2569 527 2636 frater
542 2569 736 2637 Lambortus
747 2565 954 2650 Aquinensis‚
970 2567 1073 2634 frater
1083 2567 1222 2653 Stepha-

98 2695 165 2743 nus
183 2677 378 2742 Balneorum
401 2710 683 2726 —————
687 2675 800 2770 'frater
817 2675 982 2743 Romanus
1003 2713 1045 2724 -—-
1062 2710 1105 2726 ·-
1122 2713 1166 2726 -
1182 2715 1224 2726 -

97 2782 210 2851 Adam
229 2784 499 2870 Marturanensis,
513 2783 629 2850 Laudo
641 2781 830 2865 suanensis,
843 2781 991 2849 Andreas
1002 2777 1224 2852 Venefranen·

96 2894 149 2959 sis
163 2889 330 2978 Episcopi,
356 2893 495 2966 salutem
511 2890 544 2956 in
565 2889 706 2959 Domino
723 2891 962 2976 sempiternam.
989 2891 1150 2977 Splendor
1167 2915 1223 2979 pa·

96 3009 196 3067 terne
211 3000 328 3086 glorie,
355 2999 409 3082 qui
434 3020 496 3067 sua
520 3001 676 3068 mundum
702 2999 867 3068 illuminat
882 2999 1041 3066 ineffabili
1062 3003 1223 3090 claritate,

100 3107 163 3192 pia
179 3114 257 3174 uota
272 3107 416 3174 fidelium
442 3107 483 3173 de
510 3108 765 3176 clementissima
782 3107 886 3193 ipsius
903 3105 1076 3174 maiestate
1093 3127 1225 3192 speran-

97 3217 194 3301 tium,
211 3221 286 3283 tunc
310 3215 464 3302 precipue
490 3216 631 3301 benigno
656 3217 768 3283 fauore
783 3215 996 3302 prosequitur,
1015 3235 1086 3281 oum
1104 3217 1225 3287 devota

103 3327 254 3410 ipsorum
278 3321 443 3392 humilitas
470 3325 660 3392 Sanctorum
676 3326 827 3410 precibus
847 3330 878 3390 et
894 3323 1019 3391 meritis
1036 3324 1222 3392 adiuvatur.

103 3433 332 3520 Quapropter,
351 3435 521 3518 cupientes
537 3441 572 3499 ut
597 3431 748 3499 Ecclesia
764 3432 902 3498 fratrum
918 3431 1162 3500 Predicatorum
1184 3433 1224 3500 de

101 3541 320 3626 Schespurcb,
338 3541 642 3626 Wizzenburgensis
662 3539 819 3624 Diooesis,
837 3541 988 3624 congruis
1002 3541 1179 3609 honoribus
1204 3563 1226 3607 a

103 3647 230 3720 Christi
245 3649 397 3717 fidelibus
418 3651 650 3734 frequentetur,
662 3654 694 3714 et
710 3651 963 3734 frequentantes,
975 3670 1035 3734 pro
1051 3651 1225 3738 temporali

100 3757 219 3825 labore
236 3757 336 3823 multa
352 3757 477 3826 maiora
502 3760 658 3826 retribuet
674 3778 770 3842 quam
787 3759 920 3825 valeant
943 3761 1143 3845 promereri;
1159 3780 1225 3825 om·

100 3867 203 3932 nibus
213 3885 289 3932 vere
299 3867 521 3950 penitentibus
539 3874 571 3936 et
588 3865 759 3953 confessis,
776 3866 832 3950 qui
847 3869 890 3935 ad
907 3867 1030 3936 dictem
1042 3868 1224 3937 Ecclesiam

104 3976 140 4041 in
157 3973 337 4042 testivitate
353 3976 455 4042 Beate
475 3975 587 4060 Mario,
605 3976 638 4042 in
656 3977 746 4044 cuius
763 3977 885 4044 honore
902 3977 992 4043 diota
1008 3977 1159 4044 Ecclesia
1175 3986 1226 4044 est

104 4088 307 4166 constructa,
326 4082 408 4149 etin
426 4084 575 4152 omnibus
592 4083 825 4151 festivitatibus
842 4084 1045 4171 subscriptis,
1061 4083 1225 4154 videlicet.

102 4189 305 4273 Natiuitatis,
332 4191 612 4276 Resurrectionis,
638 4194 851 4260 Ascensionis
876 4195 1005 4261 Domini
1021 4201 1053 4260 et
1068 4197 1225 4265 Penteco-

104 4307 194 4384 stes,
221 4317 282 4364 nec
308 4318 372 4365 non
397 4300 605 4385 Natiuitatis,
623 4300 875 4388 Purifioationis,
894 4303 1176 4388 Annunoiationis‚
1193 4313 1227 4374 et

103 4408 352 4494 Assumpcionis
368 4410 473 4478 Beate
489 4411 593 4478 Mario
610 4407 754 4495 Virginis
772 4412 931 4499 Gloriose,
947 4413 981 4479 in
998 4434 1225 4484 commemora·

103 4518 194 4582 tione
210 4517 361 4584 Omnium
371 4519 570 4606 Sanctorum,
582 4521 615 4585 in
627 4520 862 4588 festivitatibus
879 4525 1119 4610 Apostolorum,
1137 4526 1225 4592 Petri

104 4635 139 4694 et
155 4627 248 4693 Pauli
286 4635 298 4690 t
315 4627 455 4694 omnium
472 4627 556 4694 alior
581 4650 610 4693 m
636 4628 877 4715 Apostolorum,
902 4638 935 4697 et
952 4650 1012 4716 per
1028 4639 1163 4702 octavas
1179 4633 1226 4720 ip-
