3166 5238
666 995 746 1062 lte.

115 1191 174 1259 ΑΖ
193 1194 322 1281 erdelpi
336 1195 493 1280 triptotam
509 1193 710 1280 hiunopocipot
725 1203 806 1277 teos,
833 1195 912 1280 hopy
928 1193 1053 1280 Mptod
1072 1195 1134 1260 tcto
1149 1195 1266 1263 Jotao

409 1303 489 1370 tellre
505 1305 585 1368 neos't
598 1301 752 1390 helyoeyet
768 1303 885 1368 eladto.
902 1303 999 1371 1299.

245 1498 461 1587 (Capitulum)
480 1499 577 1568 Beati
600 1499 774 1568 Michaelis
799 1497 1003 1587 Arehangeli
1022 1501 1261 1570 Tronssiiusne
1296 1536 1298 1542 ·

118 1609 290 1680 omnibus
307 1608 430 1677 Christi
456 1607 613 1676 fidelibus
638 1615 831 1694 presentem
848 1643 891 1654 -
908 1643 950 1656 -
964 1611 1108 1680 salutem
1134 1609 1169 1676 in
1186 1629 1265 1678 uero

120 1721 314 1788 saluatore.
339 1717 393 1786 Ad
419 1715 641 1786 uniuersorum
668 1715 826 1784 notieism
843 1723 912 1784 tom
937 1719 1145 1804 presencium
1164 1753 1206 1768 -·
1222 1753 1265 1768 -

120 1825 222 1893 serie
239 1826 390 1892 uolumus
407 1825 581 1910 peruenire
596 1823 791 1907 litterarum,
808 1824 895 1908 quod
906 1825 1078 1894 Johannes
1098 1823 1183 1892 filius
1198 1825 1265 1895 Ds-

121 1935 183 2000 nid
204 1939 240 2002 et
255 1937 314 2020 My
330 1971 374 1982 -
387 1969 426 1980 -
444 1932 488 2000 ad
504 1939 653 2002 nostram
673 1932 872 2002 aecedentes
891 1932 1118 2020 presenciam,
1133 1932 1264 2004 litteras

120 2039 345 2110 MikudBani
360 2041 422 2108 viri
437 2041 558 2109 nobilis
574 2075 618 2088 ·-
631 2079 674 2089 -
691 2049 788 2109 erunt
801 2041 896 2109 nobis
913 2041 947 2108 in
963 2042 1027 2110 heo
1042 2043 1172 2112 uerbo:

242 2149 332 2219 Viris
351 2149 502 2218 diseretis
520 2151 583 2218 stb.
601 2153 784 2227 (kovetkezik
799 2157 909 2230 Mykud
925 2156 1041 2214 bernak
1066 2157 1196 2214 teet-ki
1214 2157 1263 2214 ok-

123 2267 247 2341 misnya,
264 2267 335 2322 mint
349 2265 466 2322 fentebb
486 2267 560 2322 118.
578 2285 617 2323 oz.
634 2263 673 2337 s.)

243 2369 400 2434 Potentes
417 2371 449 2431 et
464 2369 631 2448 rogantes,
649 2370 685 2432 vt
700 2362 850 2450 prefatas
861 2363 992 2432 litteras
1003 2367 1114 2433 nostro
1130 2365 1264 2453 priuile-

125 2475 186 2556 gio
205 2473 415 2559 dignaremur
440 2471 640 2542 ooofirmare.
665 2470 758 2538 Vnde
775 2473 854 2554 quia
879 2472 975 2541 iustis
1004 2473 1190 2560 petentium
1207 2472 1263 2540 de·

126 2582 271 2668 siderijs
287 2599 460 2668 sumopere
477 2587 623 2648 tenemur
640 2597 822 2664 ooourrere,
847 2581 974 2664 etquis
991 2580 1097 2648 eniam
1114 2581 1261 2666 ipsorum

123 2691 314 2778 peticiones
331 2687 611 2760 considerauimus
630 2689 700 2757 fore
716 2687 834 2772 iustus,
852 2686 1010 2757 honestas
1031 2695 1130 2772 atque
1147 2689 1262 2760 admit

125 2799 275 2884 tendas,
294 2799 403 2867 dietus
420 2797 549 2866 litteras
565 2816 630 2866 non
648 2799 872 2884 canoellatas,
892 2817 958 2863 non
974 2797 1124 2883 vitiatas,
1144 2799 1263 2866 nonin

126 2909 246 2992 aliqua
263 2906 313 2975 sui
331 2915 427 2994 parte
452 2905 657 2991 defossatas,
674 2913 786 2974 nostro
803 2905 979 2994 priuilegio
1004 2904 1151 2992 presenti
1169 2907 1263 2975 duxi-

127 3037 203 3084 mus
221 3015 415 3084 eonfirmari.
432 3017 556 3084 Datum
573 3020 670 3084 sexto
685 3013 771 3082 ferie
787 3014 938 3099 proximu
954 3019 1033 3082 onte
1051 3012 1259 3084 Dominiosm

126 3128 272 3215 Letare,
298 3147 385 3217 suno
402 3125 537 3193 Domini
552 3119 698 3194 M⁰yCO⁰
723 3125 939 3210 nonagesimo
966 3143 1063 3193 nono.
1089 3125 1261 3212 Stephano

127 3235 325 3325 Proposito,
343 3233 507 3322 Gregorio
524 3236 688 3319 Centone,
705 3234 808 3303 Paulo
825 3232 988 3319 Custode,
1016 3234 1171 3304 Johonne
1187 3235 1260 3302 De·

128 3364 217 3412 oano
229 3343 380 3414 Euolesie
404 3349 517 3413 nostre
531 3341 760 3411 existentibus.

349 3556 490 3630 (Tentseh
503 3555 535 3614 es
547 3556 710 3616 Firnhsber
721 3557 760 3614 id.
774 3575 809 3612 m.
830 3557 851 3616 1.
864 3557 925 3614 ket.
938 3557 1000 3615 208.
1013 3555 1044 3629 l.)

566 3898 827 3913 μ’..
