3214 5238
115 535 182 601 ego
199 514 278 586 dedi
293 517 325 584 ei
341 515 565 605 quadraginta
578 519 731 588 marchas
745 515 922 587 seeundum
937 518 1026 602 quod
1041 519 1139 588 miehi
1155 540 1251 590 man-

113 625 238 694 dastis.
255 621 374 712 (Serus
390 627 469 712 non)
485 625 574 695 dabo
594 626 770 697 eiunieum
785 623 976 705 denarium,
992 625 1056 696 nisi
1072 631 1248 698 mandare·

113 734 181 818 tis;
200 739 232 801 et
248 730 353 802 adhue
368 741 419 802 est
443 734 565 804 debitis
590 733 754 829 obligatus
778 734 813 802 in
829 735 986 804 terrentis
1009 733 1143 806 florenis
1159 740 1247 807 anri.

113 838 266 910 Pecunia
281 849 392 910 vestra
406 847 458 910 est
476 841 561 911 bene
578 843 693 928 salva,
719 848 753 912 et
768 841 856 910 ultra
867 827 869 832 ¹
879 846 1025 912 vestrum
1051 843 1249 914 mandatum

113 971 186 1020 non
202 949 412 1036 expendetur.
430 946 481 1034 (Si
497 946 699 1038 resolvero),
717 949 782 1017 oito
799 950 979 1018 reseribam
995 951 1166 1037 Majestati
1183 955 1247 1020 Ve-

114 1064 188 1128 stre
204 1057 352 1128 meliora.
368 1057 529 1137 Dominus
540 1063 712 1127 conservet
726 1075 923 1138 rossanum,
939 1057 1077 1126 hilarem
1087 1065 1121 1127 et
1132 1061 1247 1148 jooun-
1383 1123 1385 1127 .

114 1167 199 1234 dum
214 1185 275 1252 per
289 1171 439 1251 tempora
455 1165 616 1252 longiora.
626 1161 713 1233 Dato
725 1165 824 1233 Rome
833 1165 937 1233 XXV.
948 1166 1099 1254 Ootobris
1118 1161 1246 1256 (1300.)

282 1375 446 1452 (A.„Gopia
459 1381 496 1436 de
509 1377 756 1470 commemoriali“
770 1378 793 1437 1.
806 1374 957 1440 kotrtebol
968 1377 1018 1440 fol.
1031 1377 1086 1453 54.)

550 1692 807 1709 m

639 2261 718 2332 tto.

322 2477 542 2567 quaauoaolo
558 2499 615 2566 noy
630 2478 732 2544 moal
746 2477 933 2546 todosttoiso.
951 2478 1050 2542 1300.

224 2675 399 2746 Nobilibus
417 2683 450 2744 et
476 2675 665 2764 potentibus
688 2675 769 2744 viris
794 2674 937 2744 dominis
954 2675 1081 2744 Phiofio
1106 2675 1244 2744 Mauro·

115 2805 200 2852 oeno
218 2790 252 2852 et
265 2785 446 2854 Francisoo
474 2782 680 2866 contareno,
697 2781 893 2869 propinquis
910 2787 942 2848 et
967 2782 1150 2865 fautoribus
1175 2784 1244 2850 Ma·

116 2893 231 2981 gnifioi
246 2885 379 2960 Domini
394 2891 561 2961 Albertini
577 2893 776 2960 Maurooeno
794 2887 896 2958 Ducis
917 2890 1092 2959 Solavonie
1102 2939 1110 2974 ,
1128 2891 1244 2958 Potrns
1294 2895 1296 2901 '

116 3002 161 3070 de
176 3007 329 3070 Bonnano
346 2998 387 3067 de
403 2998 557 3069 Tarvisio
574 3000 607 3068 in
623 3001 775 3066 Romana
791 2998 889 3066 Curia
906 2999 1062 3079 existens,
1075 3005 1116 3067 se
1131 2997 1241 3084 ipsum

116 3112 206 3180 omni
222 3109 394 3177 felioitate.
422 3105 578 3195 (Reoepi)
592 3112 723 3178 rostras
748 3107 876 3176 litteras
903 3107 1127 3190 continentes,
1154 3106 1242 3190 quod

116 3239 193 3286 oum
209 3236 272 3303 ego
290 3235 400 3286 essem
415 3216 572 3284 Veneriis
587 3214 621 3281 in
636 3215 733 3284 domo
750 3213 832 3282 dieti
848 3214 974 3282 domini
989 3213 1174 3299 Albertiui‚
1191 3212 1247 3281 de·

61 3351 64 3354 ·
116 3326 175 3393 bui
191 3324 317 3394 dixisse
333 3324 403 3391 suis
414 3323 700 3394 dominaoionibus
718 3318 933 3411 (magnificis)
950 3331 983 3392 et
999 3320 1104 3390 eoiam
1114 3321 1246 3390 domino

117 3433 250 3502 Donato
269 3431 312 3500 de
329 3432 487 3521 Marsilio,
503 3450 576 3499 oum
593 3430 654 3501 luit
669 3431 704 3498 in
722 3431 842 3519 (lunia,
858 3431 947 3516 quod
962 3451 984 3496 a
1004 3428 1136 3500 domino
1153 3435 1245 3516 Rege

116 3541 288 3628 Hungarie
304 3535 481 3628 (haberem
497 3547 621 3610 sertam
637 3535 791 3626 peounie)
817 3539 1036 3622 quantitatem
1053 3545 1244 3606 converten-

118 3650 198 3718 dam
215 3653 248 3714 et
266 3645 508 3733 disponendam
532 3665 592 3734 pro
607 3647 750 3716 utilitate
775 3652 808 3714 et
831 3647 971 3733 negorio
996 3645 1119 3716 domini
1134 3645 1246 3714 fratris

117 3755 253 3826 Antonii
270 3755 448 3842 Episcopi5
466 3743 499 3824 et
514 3754 603 3839 quod
618 3754 647 3820 si
664 3755 736 3822 eius
752 3758 925 3842 uegoeium
946 3775 1011 3824 non
1025 3755 1131 3840 possit
1147 3774 1245 3839 expe·
1264 3801 1267 3805 -

118 3865 193 3952 diri,
211 3863 301 3949 quod
331 3868 472 3947 quatuor
499 3863 604 3932 millia
628 3862 787 3932 librarum
812 3863 1021 3932 denariorum
1045 3862 1140 3932 vobis
1166 3860 1246 3928 dare

80 4041 86 4046 ,
118 3971 273 4042 deberem
299 3991 359 4058 pro
374 3967 566 4060 (soluendo)
592 3971 824 4056 possessiones
850 3969 891 4038 de
906 3969 1095 4059 Brundulo;
1121 3975 1153 4038 ot
1168 3969 1248 4055 quia
1345 4011 1346 4017 κ

119 4081 244 4150 dietum
259 4079 427 4162 negocium
443 4076 523 4146 dieti
539 4076 662 4147 domini
678 4077 790 4146 fratris
806 4076 941 4146 Antonii
963 4097 1029 4145 non
1044 4083 1095 4146 est
1110 4076 1244 4163 expedi·
1298 4068 1304 4076 “
1354 4155 1357 4160 ¹

118 4193 208 4271 tum,
223 4205 286 4255 neo
301 4190 415 4272 potest
430 4185 602 4272 expediri,
629 4187 717 4270 quod
737 4204 796 4254 ros
822 4184 989 4252 miramini
999 4233 1008 4268 ‚
1035 4186 1124 4270 quod
1140 4184 1247 4256 dietas

119 4301 262 4379 quatuor
278 4291 368 4360 mille
384 4292 486 4362 libras
498 4293 707 4363 denariorum
718 4291 812 4362 robis
827 4311 894 4358 non
910 4293 991 4376 misi,
1010 4291 1139 4376 etqnod
1154 4293 1247 4380 ipsas

118 4403 216 4470 vobis
233 4396 425 4486 (mitterem)
441 4421 502 4488 pro
520 4408 630 4488 oert03
647 4399 735 4485 qnod
745 4399 895 4468 domiuus
906 4400 976 4468 Rex
986 4399 1066 4468 mihi
1082 4421 1148 4470 non
1159 4421 1243 4469 oom-

119 4507 220 4603 misit,
238 4507 326 4590 quod
342 4507 464 4576 dietam
480 4510 653 4594 peouniam
667 4508 762 4578 vobis
779 4507 905 4593 darem,
919 4512 955 4574 ret
970 4528 1032 4594 ego
1049 4507 1168 4576 dietum
1180 4495 1241 4578 Ross

120 4636 195 4702 gem
211 4615 246 4684 in
261 4613 435 4704 presenoia
445 4617 560 4705 Luysii
572 4616 737 4686 etTurohi
752 4615 877 4703 pluries
892 4618 1017 4704 rogavi,
1034 4614 1124 4701 quod
1139 4614 1247 4690 dietas
