3262 5242
466 357 791 480 'ja-4

83 588 126 651 M⁰
140 586 208 654 00⁰
226 587 440 672 nonagesimo
458 586 561 672 primo
579 593 695 653 ootauo
713 584 878 654 kalendas
898 585 1111 672 Septembris,
1129 587 1187 650 Re-

83 696 132 778 gni
146 701 253 762 autem
271 694 375 762 nostri
392 695 506 779 primo.

79 893 156 961 (iiten
170 891 295 964 okmdny
317 889 471 948 masolatdt
482 891 591 947 veliink
603 890 636 946 Τ.
651 909 692 945 oz.
706 890 825 946 Meletei
842 858 944 946 ¹Barna
966 886 1075 958 Mihdly
1089 884 1123 941 uir
1135 886 1187 942 ku-

80 986 154 1041 zdlte.
171 983 321 1040 Eredetidt
333 1001 398 1039 nem
419 981 574 1038 ldthattuk.
594 983 748 1038 Kiildnben
766 979 829 1037 ltsd
847 977 1121 1054 megjegyzdsiinket
1135 977 1191 1032 Ok—

378 1073 570 1145 mdnytdrunk
582 1073 604 1128 Ι.
617 1071 772 1129 kdtetebon
786 1072 847 1128 219.
862 1069 893 1141 l.)

77 2156 132 2221 ΙΙΙ.
157 2159 266 2223 Eudae
290 2157 403 2243 'kirrilp
428 2158 700 2244 mapparaaeeoljo
726 2157 828 2222 Jdnos
852 2157 1040 2242 meeternek,
1066 2157 1187 2222 Mittor

79 2263 132 2327 dcto
148 2265 286 2350 fldnak,
312 2267 388 2352 dopy
405 2265 519 2330 Ilrudoz
537 2263 651 2349 salut,
677 2263 787 2350 melyas
804 2263 990 2350 joptalaodl
1008 2262 1132 2351 foplolt
1150 2265 1189 2349 el,

107 2375 251 2440 Herdord
267 2374 443 2456 maternae,
461 2374 606 2439 Horbord
614 2374 739 2460 firtonis,
757 2373 899 2440 booedseo
915 2375 1027 2441 oiosao.
1052 2375 1159 2440 iser·

1000 2427 1296 2568 raastoai

172 2593 325 2660 Andreas
341 2590 406 2660 Dei
422 2592 535 2676 grania
550 2596 622 2662 Rex
639 2590 800 2676 ungarie,
818 2590 907 2659 fideli
925 2612 983 2658 suo
993 2641 1000 2676 ,
1027 2591 1188 2678 magistro

73 2698 206 2769 dohanni
225 2702 296 2770 filio
312 2701 443 2768 Nioolai
460 2703 545 2770 Bani
556 2703 693 2769 salutem
711 2706 743 2766 et
754 2703 914 2786 graciam.
931 2703 1090 2787 Magister
1106 2700 1187 2766 Her-

74 2810 183 2877 bordus
201 2810 293 2878 filius
311 2811 474 2878 Harbordi
491 2811 586 2878 nobis
605 2818 656 2878 est
667 2816 875 2895 conquestus,
894 2807 980 2892 quod
999 2829 1070 2876 oum
1088 2827 1189 2892 quaa·

73 2917 138 2983 dam
154 2919 399 3004 possessionem
417 2919 522 3004 ipsius
538 2918 684 2986 Ilmeuoh
700 2923 863 3004 vocatam,
885 2915 1030 2998 indebite
1050 2936 1189 3002 oocupa-

73 3033 132 3092 tam
149 3029 327 3114 detineres,
343 3027 377 3092 in
392 3029 497 3112 ipsius
509 3028 721 3112 preiudioium
740 3033 973 3110 etgrauamen.
991 3027 1096 3108 Igitur
1110 3024 1187 3091 fide-

72 3133 148 3202 litati
164 3143 220 3204 tue
236 3134 369 3203 firmiter
396 3138 605 3220 precipiendo
622 3134 838 3217 mandamus,
867 3141 1030 3216 quatenus
1054 3153 1189 3219 posses-1

71 3245 188 3312 sionem
206 3251 422 3311 memoratam
439 3245 526 3310 dioto
543 3245 700 3329 magistro
718 3243 891 3311 Herbordo
908 3242 1029 3310 reddas
1047 3249 1079 3310 et
1092 3241 1186 3307 resti-

72 3360 135 3421 tuas
151 3355 252 3440 pleno
270 3353 348 3436 iure,
367 3360 461 3437 prout
477 3351 582 3437 ipsius
600 3353 704 3420 fuisse
728 3353 910 3420 dinoscitur
927 3354 969 3418 ab
988 3352 1136 3436 antiquo,
1155 3359 1189 3418 et

71 3461 106 3526 de
121 3461 275 3548 dampnis
293 3481 351 3536 sen
367 3465 570 3530 nocumentis
588 3462 694 3529 eidem
711 3460 812 3527 illatis
823 3460 953 3529 iusticie
974 3460 1080 3527 fanias
1098 3481 1193 3527 eom·

71 3573 262 3653 piamentum
279 3621 288 3655 ‚
315 3577 347 3636 et
360 3572 452 3638 aliud
468 3590 532 3636 non
550 3589 720 3655 presumas
740 3569 914 3637 ullomodo.
933 3570 1040 3652 Prope
1057 3569 1185 3634 Nouam

71 3679 240 3746 diritatem
259 3677 431 3745 Dominioo
449 3679 502 3742 die
517 3684 592 3762 post
609 3677 728 3744 festum
740 3677 836 3744 Beati
853 3677 1184 3762 Luerwangeliste.

152 3785 331 3874 ΙΚίυᾱῠνὸἰ.
348 3787 505 3870 Magistro
521 3787 667 3856 Johanni
683 3785 749 3853 fitio
766 3785 898 3854 Nicolai
918 3787 1006 3852 bani.

68 3984 206 4054 (Euedetie
221 4003 239 4039 a
262 3981 329 4054 grdf
347 3983 448 4040 Teleki
472 3981 571 4039 esaisd
590 3979 825 4056 magyarorszdgi
845 3979 961 4055 dgdnak
980 3977 1184 4038 leveltdrdban

67 4074 215 4146 Gy'dmro'n.
238 4071 351 4130 Miuttn
364 4073 528 4152 Ill3Endre
552 4073 691 4129 lust-ben
713 4072 879 4128 tdborozott
900 4070 1129 4143 Ndrnedehely
1151 4070 1181 4126 es

67 4163 338 4238 Bdaskdrnyekdn,s
348 4164 452 4222 Albert
462 4165 600 4222 ausztriai
609 4166 781 4238 herezeggel
791 4164 942 4237 folytatott
951 4161 1107 4234 hdbordjdt
1117 4162 1182 4236 meg

66 4273 94 4311 eu
107 4255 150 4313 dvi
163 4261 305 4331 augustus
325 4255 460 4313 ass-diktn
472 4255 677 4313 bekeko'tessel
695 4255 857 4325 befejeate:
876 4253 1056 4326 kdtsegtelen
1074 4256 1152 4328 hogy
1165 4272 1181 4310 e

347 4346 423 4404 levdl
437 4347 575 4404 rutil-ben
587 4345 660 4405 kalt.
680 4348 760 4401 stato
773 4345 895 4416 Kdroly).

486 4649 636 4666 *manna——
643 4645 728 4656 ’μ
