3188 5238
651 951 705 1030 lt.

109 1163 177 1230 ΙΙΙ.
196 1165 306 1230 Eudrc
321 1165 428 1250 ktroty
452 1165 638 1250 dnaepe'lyes
647 1160 824 1248 formdbac
848 1162 957 1227 andsiti
972 1182 1037 1247 mco
1062 1181 1133 1230 caea
1157 1160 1231 1224 octo-

541 1275 678 1358 mdaydt.
699 1272 796 1336 1295.

220 1452 371 1521 Andreas
381 1453 444 1521 Dei
453 1453 567 1536 gracia
576 1451 756 1539 Hungarie,
766 1451 948 1535 Dalmacie,
960 1451 1107 1538 Groacie,
1121 1453 1232 1531 Rama,

111 1562 241 1646 Seruio,
259 1562 418 1645 Gallicie,
435 1561 640 1646 Lodomerie,
660 1559 824 1645 Belgarie‚
843 1561 1064 1643 Gemanieque
1080 1565 1150 1629 Rex
1167 1582 1232 1627 om-

110 1670 211 1734 nibus
229 1669 352 1734 Christi
369 1669 521 1736 fidelibus
547 1676 718 1756 presentes
735 1669 864 1737 litteras
881 1670 1079 1753 inspecturis
1095 1669 1234 1737 salutem

110 1777 143 1844 in
154 1777 300 1844 Domino
317 1775 557 1860 sempiternam.
571 1777 620 1841 Ad
631 1776 854 1842 uniuersorum
865 1777 1023 1845 noticiam
1032 1784 1147 1844 tenore
1163 1797 1235 1861 pre·
1277 1786 1280 1792 '

111 1888 261 1955 sancium
279 1888 427 1952 uolumus
444 1887 616 1971 peruenire
628 1893 693 1950 tam
711 1887 916 1971 presencium
929 1906 1027 1968 quam
1044 1885 1234 1974 futurorum,

111 1996 203 2080 quod
219 1995 419 2062 venerabilis
430 2003 525 2080 pater
534 1992 733 2060 Benedictus
750 1995 814 2060 Dei
830 1995 942 2077 gracia
952 1995 1136 2082 Episcopus
1151 1995 1236 2062 Albe

111 2104 301 2190 Belgarice,
319 2103 520 2170 Secretarius
549 2111 581 2170 et
597 2103 714 2170 Oomes
738 2102 873 2188 Capella
890 2110 1000 2171 nostre
1010 2153 1018 2187 ,
1048 2102 1187 2172 dilectus
1203 2111 1235 2170 ct

112 2213 225 2280 fidelis
241 2219 350 2279 noster
374 2213 415 2280 nd
431 2223 576 2279 nostram
601 2213 820 2298 personaliter
838 2213 1001 2280 accedens
1016 2216 1235 2300 presenciam,

113 2323 267 2388 exhibuit
284 2321 378 2388 nobis
391 2328 544 2405 patentes
572 2323 700 2390 litteras
717 2329 848 2388 nostras
870 2341 971 2406 super
988 2323 1129 2404 quadam
1151 2326 1238 2388 terra

111 2431 295 2502 wdvornici
305 2431 407 2497 nostri
417 2431 553 2500 Iwnuke
563 2439 683 2499 uocata
693 2430 870 2517 confectas,
887 2438 1003 2514 petens
1020 2429 1148 2498 anobis
1164 2449 1237 2496 cum

113 2539 300 2626 instancia,
316 2545 352 2606 vt
368 2557 426 2605 eas
442 2546 531 2605 ratas
550 2538 673 2606 habere
690 2538 909 2624 dignaremur,
929 2546 961 2607 et
975 2543 1089 2606 nostro
1105 2535 1239 2624 priuile-

114 2649 169 2735 gio
188 2645 392 2715 confirmare.
416 2645 559 2723 Quarum
566 2646 708 2728 ‘quidem
724 2644 905 2713 litterarum
921 2654 1015 2714 tenor
1031 2647 1109 2714 talis
1125 2654 1194 2714 est:

224 2759 295 2824 Nos
311 2755 463 2822 Andreas
489 2755 551 2820 Dei
576 2755 690 2840 gracia
705 2755 775 2822 Rex
791 2755 959 2840 Hungarie
976 2754 1038 2824 stb.
1059 2759 1240 2832 (kevctkezik

114 2874 164 2928 111.
182 2871 337 2928 Endrenek
355 2870 404 2924 74.
422 2889 459 2924 sz.
477 2887 502 2924 a.
520 2870 592 2942 apen
607 2871 703 2925 kdziilt
719 2868 880 2942 okmanya.)

225 2973 294 3038 Nos
320 2971 432 3054 itaque
460 2969 681 3054 peticionibus
705 2970 808 3056 ipsius
833 2969 1032 3039 venerabilis
1058 2969 1163 3055 patris
1180 2971 1238 3038 do·

115 3081 196 3148 mini
213 3075 390 3145 Benedicti
401 3080 559 3166 Episcopi
584 3080 697 3165 iustis,
723 3080 879 3166 legitimis
896 3087 930 3145 et
947 3079 1105 3146 modestis
1125 3097 1239 3148 asson-

116 3213 187 3259 sum
215 3189 431 3256 fauorabilem
460 3188 678 3270 adhibentes,
714 3188 941 3271 intuentesque
964 3189 1056 3273 ipsas
1088 3194 1240 3272 patentes

116 3301 246 3367 litteras
262 3303 394 3363 nostras
412 3317 476 3362 non
493 3317 598 3382 rasas,
616 3317 680 3364 non
698 3298 909 3382 cancellatas,
936 3314 996 3362 nec
1012 3296 1045 3363 in
1062 3295 1174 3379 aliqua
1190 3296 1241 3362 sni

116 3415 213 3492 parte
240 3403 401 3490 uiciatas,
428 3404 462 3468 in
479 3403 643 3488 publicam
671 3404 807 3471 formam
834 3404 996 3490 presentis
1020 3402 1184 3492 priuilegii
1200 3405 1241 3473 de

117 3516 220 3580 uerbo
236 3512 279 3578 ad
304 3513 438 3579 uerbum
464 3513 735 3593 transscribendo
751 3513 852 3580 inseri
865 3512 1001 3580 fecimus
1024 3513 1095 3579 sine
1111 3513 1241 3581 addita·

118 3631 229 3690 mento
246 3630 279 3688 et
295 3621 527 3706 diminucione,
545 3629 577 3688 et
602 3621 799 3688 auctoritate
815 3621 1023 3705 presencium
1040 3622 1240 3690 communiri.

118 3735 155 3798 In
173 3732 268 3800 cuius
290 3730 339 3798 rei
365 3730 556 3796 memoriam
581 3736 839 3815 perpetuamque
863 3731 1047 3798 firmitatem
1073 3737 1242 3814 presentes

120 3843 227 3908 eidem
245 3840 468 3906 concessimus
489 3841 618 3906 litteras
644 3839 783 3923 duplicis
811 3840 913 3926 sigilli
938 3842 1042 3908 nostri
1067 3841 1242 3908 munimine

119 3953 304 4018 roboratas.
322 3946 443 4014 Datum
455 3969 513 4034 per
529 3970 646 4018 manus
658 3949 859 4018 venerabilis
877 3949 981 4036 patris
998 3947 1165 4016 Theodori
1180 3949 1242 4016 Dei

121 4059 237 4147 gracia
253 4059 409 4144 Episcopi
419 4056 606 4126 Jauriensis
617 4059 693 4124 aule
703 4067 812 4126 nostre
823 4057 1114 4141 Vice-Oencelarii,
1132 4060 1242 4127 dilecti

120 4175 152 4234 et
166 4163 274 4236 fidelis
300 4169 423 4252 nostri,
452 4187 539 4235 anno
555 4168 687 4234 Domini
706 4168 757 4231 Μ0
781 4168 852 4235 00⁰
877 4165 1091 4252 nonagesimo
1118 4167 1242 4252 quinto,

122 4276 232 4359 quinto
248 4275 362 4341 Nonas
379 4275 502 4359 mensis
518 4275 616 4343 Junii.

311 4449 457 4523 (Eredetie
471 4471 488 4510 a
501 4451 665 4526 vesnpremi
678 4451 818 4526 lrdptalan
832 4448 1055 4524 leveltardban.)

566 4741 819 4753 *-
