3166 5238
334 1163 399 1230 ΙΙΙ.
416 1161 644 1248 Endrsldrdly
659 1159 802 1250 Gerpelp
815 1159 890 1248 Apa
897 1163 962 1248 fio,
973 1167 1162 1252 ponaezdro
1177 1186 1215 1228 aa
1228 1165 1318 1230 ἰνάηι
1334 1167 1466 1233 inte'zke

335 1273 414 1360 dile,
439 1271 519 1360 hoyy
537 1271 741 1338 montom
767 1271 883 1336 meato
895 1271 990 1336 Loto
1008 1271 1061 1358 fio
1085 1271 1168 1338 oleat
1186 1271 1336 1361 olfhplolt
1353 1276 1467 1342 Dones.

367 1390 525 1446 neonem
539 1379 621 1444 nevi
635 1388 816 1444 mooosloro
830 1377 907 1443 nebi
921 1379 1207 1445 nioumdattosetlo
1221 1383 1319 1448 1300.
1336 1383 1442 1448 lirul.

444 1573 597 1646 Andrean
613 1575 677 1644 Dei
692 1574 800 1662 grstia
816 1577 886 1643 llex
903 1575 1073 1664 Hungarie
1089 1581 1150 1646 eto.
1168 1581 1230 1646 eto.
1246 1576 1402 1648 fidelibus
1413 1601 1465 1648 no·

338 1687 416 1756 stris
434 1685 588 1774 Capitulo
603 1683 802 1754 Varadiensi
812 1685 952 1752 salntem
969 1692 1003 1754 et
1012 1688 1168 1770 gratiam.
1185 1686 1367 1772 Gregorius
1383 1689 1469 1758 filius

337 1800 413 1884 Apa
427 1795 523 1866 nobis
540 1791 646 1880 dixit,
661 1791 748 1878 qnod
764 1792 942 1860 Ladislans
958 1793 1045 1864 filius
1061 1795 1154 1861 Lnoa
1170 1796 1340 1880 quoddam
1357 1819 1470 1868 mona-

338 1904 474 1974 sterium
491 1921 584 1971 suum
600 1903 736 1986 Dyenus
752 1907 945 1970 monostura
960 1909 1115 1971 vocatum
1132 1905 1361 1988 potentialiter
1379 1913 1411 1974 et
1422 1909 1470 1974 in-
1580 1939 1582 1960 ι

338 2013 454 2082 debite
469 2017 663 2098 oooupatum
687 2009 852 2078 detineret
868 2013 900 2077 in
927 2012 1031 2097 ipsius
1048 2011 1259 2097 prejuditium
1285 2033 1353 2080 non
1370 2017 1471 2082 modi·
1580 2023 1582 2056 l

339 2141 413 2190 oum
430 2127 465 2190 et
480 2139 682 2206 gravamen3
708 2139 811 2202 qnare
836 2117 990 2187 fidelitati
1005 2126 1116 2186 vestre
1142 2121 1361 2205 precipiendo
1382 2144 1470 2190 man·

209 2215 214 2232 '
339 2231 467 2316 damus,
484 2233 648 2314 quatenus
664 2225 804 2295 mittatis
830 2227 997 2296 hominem
1013 2234 1161 2294 vestrum
1177 2227 1330 2295 idoneum
1349 2251 1410 2315 pro
1427 2238 1471 2297 te-

338 2337 504 2420 stimonio,
522 2355 631 2404 eoram
648 2354 712 2418 quo
730 2336 931 2405 venerabilis
948 2343 1046 2422 pater
1062 2336 1211 2422 Capituli
1228 2337 1382 2423 ejusdem
1398 2339 1471 2426 loci,
1580 2351 1582 2388 ⁷

338 2449 436 2516 homo
451 2450 563 2512 noster
573 2445 675 2531 juxta
689 2449 835 2511 tenorem
853 2445 1021 2531 privilegii
1037 2445 1106 2527 sui,
1133 2464 1234 2529 super
1252 2446 1342 2512 dioto
1359 2468 1471 2514 mona·
1580 2495 1582 2554 l

339 2553 441 2623 sterio
459 2551 611 2639 consenti,
630 2553 760 2622 domum
777 2554 1061 2622 monasterialium
1077 2557 1207 2620 statuat
1223 2553 1343 2636 eidem,
1361 2554 1472 2623 sinon
1520 2559 1523 2563 '
1580 2555 1581 2568 ¹

338 2662 438 2730 inerit
454 2661 711 2744 contradictum,
727 2662 987 2730 oontradiotores
1001 2681 1078 2731 vero
1094 2663 1124 2728 si
1141 2661 1197 2744 qui
1215 2661 1340 2730 fuerint
1357 2662 1403 2728 ad
1420 2684 1472 2730 no·
1580 2677 1581 2700 *

340 2777 444 2840 stram
461 2771 539 2838 citet
554 2770 767 2855 presentiam,
785 2770 829 2838 ad
844 2773 1018 2838 terminum
1035 2771 1261 2856 assignatum,
1280 2793 1322 2840 ae
1339 2773 1473 2840 nomina

341 2877 615 2947 eontradiotorom
642 2878 738 2946 nobis
754 2879 954 2946 rescribatis.
972 2883 1095 2947 Datum
1111 2880 1146 2944 in
1162 2878 1252 2944 valle
1269 2878 1347 2945 Rad
1364 2877 1474 2948 Domi·

339 2987 416 3056 nieo
432 2985 488 3054 oie
503 2993 583 3054 ante
600 2984 719 3055 testum
736 2985 831 3053 Beati
847 2987 988 3055 loannis
1004 2985 1168 3073 Apostoli.

395 3179 535 3254 (Teuttoh
548 3179 580 3239 ds
592 3181 753 3240 Firnhaber
772 3181 962 3344 Urkundenb).
977 3199 1028 3238 zur
1048 3178 1155 3237 Geseh.
1170 3178 1423 3239 Siebenb.1.kltt

842 3270 905 3328 224
925 3271 945 3326 l.
