3166 5238
589 995 658 1062 ns.

12 1277 19 1290 ι
61 1191 180 1276 Mylae
197 1191 260 1256 bc‘rr
275 1215 313 1257 cz
341 1193 461 1281 orde‘lyi
487 1195 709 1280 lodptcloorrclc
729 1198 880 1282 rcaptrjc,
900 1195 977 1281 bopp
1000 1194 1178 1262 Jobuetellce

61 1298 193 1370 dirtolcdt
205 1305 363 1389 Pacisce,
376 1303 547 1385 Mordeat,
559 1303 740 1388 Istociauale,
752 1301 993 1387 Ddridfidcalc,
1005 1306 1035 1368 e'r
1044 1304 1177 1372 Sudoalc

338 1437 340 1443 ·
386 1413 480 1476 Pe'ter
487 1411 603 1495 fiducie
619 1411 734 1477 eladio.
753 1413 849 1475 1297.

161 1613 251 1680 Viris
273 1613 422 1680 discretis
433 1617 465 1676 et
475 1611 619 1677 honestis
637 1631 676 1678 ac
693 1611 807 1679 amicis
818 1611 887 1678 suis
898 1610 1048 1696 capitulo
1065 1613 1176 1680 Eccle-

59 1723 103 1790 sie
120 1723 215 1789 Beati
232 1721 414 1808 Mychaelis
440 1720 640 1804 Archangeli
664 1721 896 1788 Transsiluane
911 1720 1036 1807 Mykud
1052 1722 1175 1806 Banus,

58 1853 92 1901 se
106 1838 210 1899 totum
227 1851 299 1898 cum
310 1831 462 1898 amicicia
473 1830 621 1915 pleniori.
639 1831 754 1896 Vestre
765 1829 959 1897 discrecioni
971 1851 1030 1915 per
1046 1849 1177 1918 presen-

58 1949 103 2010 tes
120 1941 338 2025 declaramus,
360 1940 444 2020 quod
471 1939 636 2021 quandam
653 1947 773 2006 terram
789 1947 935 2006 nostram
960 1939 1177 2008 Jobusteluke

58 2060 207 2118 uocatam
224 2049 258 2114 in
276 2049 438 2116 comitatu
457 2045 593 2114 Albensi
620 2047 847 2132 adiacentem,
867 2068 938 2116 cum
956 2049 1060 2118 tribus
1076 2050 1176 2134 parti-

57 2163 135 2228 culis
152 2161 320 2240 siluarum,
337 2155 429 2225 iuxta
440 2163 568 2224 ueteres
581 2167 683 2226 metas
700 2162 732 2224 et
749 2158 913 2242 antiquae,
925 2179 1029 2226 nouas
1046 2177 1174 2244 pernes

58 2269 223 2354 erigenda,
241 2289 281 2334 ex
299 2267 383 2332 bona
398 2267 566 2364 voluntate
583 2271 615 2331 et
631 2267 849 2350 permissione
866 2267 1017 2353 magistri
1034 2265 1175 2352 Njeolai,

57 2378 202 2445 Demetri
219 2385 251 2443 et
272 2375 377 2458 Petri,
395 2374 535 2442 filiorum
552 2381 734 2443 nostrorum
751 2375 920 2443 vendimus
937 2377 1042 2458 Petro,
1056 2376 1176 2458 Marco,

58 2493 88 2550 et
103 2487 283 2570 Stephano,
299 2484 365 2549 filio
376 2483 494 2566 Dauid,
513 2505 552 2550 ac
569 2483 639 2551 Sud
654 2484 720 2550 filio
737 2485 835 2567 Petri,
854 2490 884 2549 ct
901 2505 960 2569 per
976 2503 1033 2552 eos
1049 2485 1178 2569 filijsac

57 2596 301 2662 suecessoribus
316 2593 505 2675 eorundem,
522 2612 582 2677 pro
599 2593 736 2678 triginta
751 2593 870 2658 marcis
887 2593 991 2659 minus
1008 2615 1086 2680 vna,
1103 2615 1175 2679 per-

56 2703 264 2787 petuabiliter
280 2711 312 2768 ct
330 2702 470 2786 pacifice
486 2699 745 2786 possidendam,
771 2701 890 2785 partim
907 2701 940 2764 in
957 2713 1091 2789 argento
1120 2705 1176 2771 de·

56 2812 135 2879 cime
146 2811 391 2896 combustionis,
403 2811 524 2894 partim
534 2831 612 2876 vero
623 2812 657 2876 in
669 2810 879 2877 estimaoionc
894 2811 1066 2896 condigna,
1078 2830 1175 2893 quam

56 2921 228 3004 pecuniam
245 2919 344 3004 ijdem
361 2921 421 2986 viri
447 2920 593 3004 plenarie
611 2919 702 2983 nobis
722 2921 966 3005 persoluerunt;
989 2919 1176 3004 obligantes

56 3051 112 3096 nos
130 3031 256 3098 eisdem
274 3030 316 3093 ab
333 3029 479 3095 omnibns
496 3027 767 3113 impedicionibus
785 3029 915 3093 racione
933 3032 1019 3095 terre
1035 3029 1176 3115 propriis

54 3137 224 3206 laboribus
241 3145 272 3204 et
297 3138 450 3222 expensis
468 3136 606 3202 liberare
627 3142 660 3200 et
676 3134 808 3204 eosdem
825 3137 858 3201 in
875 3137 950 3222 ipsa
968 3138 1177 3221 possessione

55 3267 260 3316 conseruare.
272 3246 380 3324 Quare
397 3245 587 3328 requirimus
600 3245 845 3330 discretionem,
863 3252 1024 3328 quatenus
1041 3246 1176 3331 eisdem,

55 3357 130 3422 risis
148 3357 368 3442 presentibus,
381 3353 588 3440 priuilegium
610 3360 758 3420 vestrum
775 3371 872 3436 super
888 3353 962 3438 ipsa
978 3354 1176 3422 vendicione

54 3463 130 3530 dare
142 3465 334 3549 dignemini,
347 3463 424 3531 acsi
435 3461 650 3546 personaliter
665 3481 772 3527 coram
783 3460 876 3528 vobis
893 3461 1077 3530 fuissemus.
1093 3465 1175 3531 Item

54 3573 113 3640 hec
128 3571 283 3641 uendieio
302 3574 391 3639 faeta
407 3573 467 3637 fuit
492 3591 602 3638 coram
629 3570 786 3654 Magistro
813 3567 997 3653 Clemente,
1023 3571 1175 3640 iohanne

56 3679 186 3766 Siculo;
204 3681 280 3746 item
298 3676 474 3760 Demetrio,
494 3678 643 3745 Johanne
662 3685 694 3742 et
715 3677 873 3761 Gregorio
890 3677 967 3762 filijs
983 3679 1175 3768 Michaelis;

53 3790 127 3856 item
144 3808 256 3858 eoram
272 3788 427 3854 fratribus
443 3786 540 3873 Wyd,
557 3805 596 3852 ao
607 3786 772 3853 Almmato
784 3781 841 3872 (i).
854 3788 1007 3852 Preterea
1024 3797 1174 3856 emanato

53 3898 225 3982 priuilegio
251 3915 365 3963 omnes
390 3895 483 3960 litere
511 3893 685 3979 judiciales
713 3901 744 3958 et
772 3893 996 3982 priuilegiales
1023 3896 1174 3980 primitus

53 4013 206 4074 emanate
222 4023 319 4091 super
336 4005 425 4072 dicta
445 4010 532 4069 terra
548 4002 669 4069 debent
685 4003 820 4071 cassari.
839 4000 960 4068 Datum
975 4003 1009 4068 in
1025 4005 1176 4087 predicta

52 4115 381 4200 terraJobcsteluke,
398 4135 486 4182 anno
498 4113 629 4181 Domini
640 4112 697 4176 M⁰.
710 4112 789 4180 00⁰.
800 4113 1012 4197 nonagesimo
1023 4114 1174 4201 septimo.

158 4309 300 4382 (Teutsch
314 4307 344 4364 e's
357 4309 517 4366 Firnhaber
530 4308 765 4367 Urkundenbuch
779 4309 834 4365 stb.
848 4309 869 4364 I.
882 4308 941 4365 ket.
961 4308 1023 4364 203.
1036 4307 1067 4380 l.)

481 4613 567 4625 ..a-n·-
575 4612 589 4617 .-
595 4603 737 4619 *aad*
