3166 5238
883 979 957 1049 14³.

355 1183 448 1248 Pe'ter·
464 1181 585 1268 arde'tya'
595 1182 721 1270 propat
737 1183 768 1246 ts
784 1181 893 1244 Lcizdr
909 1178 1166 1244 totosmonosron·
1184 1180 1261 1262 aptit
1276 1175 1363 1240 letati
1380 1175 1491 1240 bit-tole

805 1309 897 1355 arara.
928 1289 1026 1356 1299.

461 1487 499 1552 In
524 1505 632 1553 rerum
658 1485 970 1555 Euolesiastioarum
995 1482 1154 1572 agendis,
1186 1501 1318 1569 semper
1342 1483 1487 1550 meliora

356 1595 601 1684 prospiciuntur
618 1601 650 1660 et
665 1596 796 1662 vtiliora
813 1593 1045 1678 attenduntur,
1063 1591 1107 1660 ad
1123 1591 1188 1659 hoo
1197 1644 1206 1678 ,
1235 1597 1270 1656 vt
1284 1591 1350 1660 Dei
1368 1591 1486 1658 Euole-

355 1706 406 1770 sia
423 1703 456 1769 in
468 1721 525 1768 sno
542 1709 631 1770 stata
643 1708 714 1770 tuta
729 1711 935 1787 permaneat,
955 1702 1035 1770 etin
1051 1696 1484 1784 suisbonissittrauquilla.

356 1813 420 1878 Pro
437 1830 487 1896 eo,
504 1829 566 1878 nos
583 1811 701 1877 Petrus
719 1810 781 1878 Dei
799 1811 913 1892 grania
926 1802 1111 1894 Episcopus
1126 1806 1382 1876 Transsiivanie
1399 1825 1483 1874 eom-

356 1918 486 1987 modum
504 1923 536 1984 et
562 1917 737 1984 utilitatem
765 1918 868 1985 nostri
894 1917 1134 2002 Episcopatus,
1162 1916 1272 1982 studio
1298 1913 1482 1982 sollereiori

355 2024 576 2108 attendentes,
592 2033 628 2092 ut
643 2027 755 2114 populi
772 2025 993 2112 Episcopatus
1009 2025 1116 2090 nostri
1132 2021 1172 2089 de
1189 2022 1346 2103 Klusuar,
1365 2022 1408 2087 de
1423 2023 1482 2092 Fe·

357 2153 437 2218 nes,
456 2140 489 2201 et
504 2133 645 2201 aliarum
661 2135 814 2202 villarum
831 2140 1016 2203 nostrarum
1034 2131 1361 2215 oiroumiaoeneium,
1389 2150 1479 2198 eom·

357 2240 485 2307 modius
502 2246 535 2307 et
560 2242 708 2324 quiaoins
735 2242 782 2311 uti
799 2243 952 2325 ualeant,
977 2239 1114 2309 liberius
1131 2259 1171 2308 ao
1189 2239 1334 2324 largius,
1360 2238 1479 2307 insuia

356 2348 451 2413 bonis
467 2347 563 2416 nobis
589 2349 714 2417 servire
730 2349 878 2434 possint,
905 2355 1040 2437 propter
1056 2349 1121 2415 hoe
1146 2347 1297 2432 diligenti
1322 2347 1479 2414 delibera-

358 2457 452 2524 oione
468 2458 628 2543 premissa
644 2477 716 2524 oum
734 2458 804 2526 viro
820 2459 975 2541 religioso
991 2459 1096 2526 fratre
1112 2458 1247 2540 Lazaro,
1267 2454 1401 2522 Abbate
1416 2456 1478 2521 Mo-

357 2565 494 2650 nasterij
521 2565 761 2650 gloriosissime
787 2566 932 2651 Virginis
950 2566 1054 2634 Maria
1079 2564 1121 2631 de
1149 2563 1252 2651 Klus,
1279 2569 1481 2631 eontraotum

357 2674 613 2760 permutationis
630 2671 672 2740 de
689 2673 886 2757 quibusdam
910 2675 1005 2740 terris
1022 2675 1132 2742 Leske
1156 2680 1190 2740 et
1207 2671 1417 2760 Saentgyurg
1431 2693 1481 2740 uo·

359 2783 442 2851 eatis
459 2783 544 2849 inter
559 2782 790 2868 possessiones
803 2789 932 2852 nostras
949 2783 1133 2850 iacentibus
1145 2782 1298 2849 duximus
1315 2783 1480 2850 celebran-

360 2890 455 2976 dum,
482 2891 516 2957 in
533 2909 669 2973 quarum
685 2897 846 2958 terrarum
873 2891 1100 2959 concambium
1125 2891 1286 2976 quasdam
1311 2891 1478 2958 villasno·

360 3005 446 3066 strae
462 2995 602 3082 Nadasd
619 3003 652 3062 et
667 3001 915 3085 Bugartheluke
932 2999 1088 3083 voratas,
1104 2999 1194 3067 villis
1210 3006 1244 3066 et
1259 2999 1356 3064 terris
1372 3017 1478 3066 mona-

348 3107 450 3192 .sterij
470 3105 609 3190 predicti
626 3115 881 3190 oommetaneas,
899 3109 943 3174 ab
962 3109 1039 3194 aliJs
1055 3107 1153 3176 terris
1164 3107 1285 3175 nostris
1302 3113 1336 3172 et
1352 3126 1478 3192 posses·

359 3215 515 3290 sionibus,
533 3216 633 3282 sertis
650 3215 746 3282 metis
765 3225 797 3282 et
814 3216 963 3282 terminis
976 3223 1151 3304 separatas
1169 3223 1200 3284 et
1217 3215 1402 3297 distinctas,
1418 3216 1476 3284 Ab·

358 3321 429 3387 bati
447 3328 479 3388 et
495 3343 555 3407 per
572 3341 644 3388 eum
663 3323 865 3392 monasterio
882 3325 1032 3410 predioto
1041 3374 1050 3409 ,
1078 3323 1195 3391 damus
1213 3331 1246 3388 et
1262 3323 1476 3411 assignamus,

360 3451 402 3496 ao
417 3448 477 3514 per
493 3439 618 3499 oartam
635 3438 842 3518 presentem,
859 3432 966 3514 ipsum
984 3431 1118 3498 fratrem
1136 3431 1307 3517 Lazarum,
1325 3439 1476 3515 tanquam

360 3538 519 3603 Abbatem
537 3545 569 3604 et
593 3539 776 3622 legitimum
803 3538 948 3606 eiusdem
965 3539 1155 3627 monasterij
1178 3540 1476 3608 Administratorem

358 3664 471 3712 verum
489 3645 656 3713 dominum
675 3655 707 3715 et
731 3648 911 3731 legitimum
929 3648 1156 3718 constituimus
1182 3669 1407 3734 possessorem
1428 3669 1474 3717 ea·
1516 3681 1518 3686 ¹

359 3753 506 3820 rundem.
523 3754 748 3822 Promittendo
763 3755 881 3838 eidem,
899 3764 934 3824 ut
945 3756 973 3823 si
989 3756 1208 3842 ullounquam
1225 3763 1375 3842 tempore
1396 3759 1474 3825 idem

362 3861 515 3931 dominus
531 3861 647 3930 Abbas
663 3864 717 3930 uel
735 3863 805 3930 eius
823 3881 1052 3947 successores,
1067 3866 1101 3928 in
1118 3864 1215 3931 terris
1231 3885 1291 3950 per
1307 3885 1370 3932 nos
1386 3866 1473 3953 datis,

360 3967 394 4034 in
413 3974 481 4036 toto
499 3969 723 4056 inpeterentur
749 3972 803 4038 uel
819 3973 852 4036 in
868 3977 982 4057 parte,
1009 3992 1070 4040 nos
1087 3981 1119 4040 et
1145 3973 1250 4040 nostri
1275 3992 1472 4043 successores

360 4077 540 4146 tenebimur
556 4099 685 4163 semper
711 4079 819 4164 ipsum
836 4079 1001 4148 domiuum
1018 4081 1183 4149 Abbatem
1199 4088 1232 4150 et
1248 4082 1471 4151 Monastarinm

360 4185 394 4248 in
411 4185 624 4270 possessione
641 4188 753 4270 quieta
769 4207 979 4277 conseruare,
997 4195 1030 4258 et
1046 4190 1075 4258 si
1091 4191 1153 4260 hoo
1169 4188 1282 4258 faeere
1297 4209 1364 4256 non
1379 4197 1470 4260 atten-

362 4290 510 4362 deremus
526 4314 586 4362 neo
603 4315 786 4384 possemus,
803 4307 881 4364 tune
894 4303 979 4366 terre
995 4305 1176 4367 memorate
1186 4300 1282 4367 nobis
1291 4301 1325 4365 in
1334 4320 1469 4369 annoan-

362 4400 450 4465 bium
466 4401 657 4490 assignate,
685 4405 730 4473 ad
747 4405 795 4474 ius
813 4410 846 4472 et
861 4406 1099 4491 proprietatem
1117 4408 1311 4492 Monosterij
1337 4409 1408 4478 sine
1421 4411 1468 4478 ali·

363 4505 476 4593 aliqua
491 4509 629 4577 redeant
639 4513 820 4595 questione.
831 4515 1053 4582 Promittimus
1065 4517 1208 4602 insuper,
1226 4521 1262 4584 ut
1273 4517 1389 4584 Abbas
1399 4539 1468 4585 nuno

363 4615 509 4684 existens
527 4624 561 4682 ot
577 4618 676 4684 futuri
692 4621 854 4709 Abbates,
871 4624 900 4690 si
916 4623 1049 4712 quando
1067 4624 1243 4712 voluerint,
1261 4631 1294 4694 et
1309 4625 1408 4712 lignis
1421 4647 1466 4716 pro
