3166 5238
836 326 994 427 ..ff-⁸.-

361 519 415 604 qui
431 521 522 588 iuxta
537 522 672 591 formam
688 524 722 592 in
738 523 857 590 litteris
881 523 963 609 ipsis
988 541 1189 611 expressam,
1215 541 1256 588 ae
1272 524 1364 608 ipsos
1388 519 1477 588 illam

359 634 557 714 potestatem
575 637 607 698 et
630 633 856 701 auetoritetem
885 633 1033 717 plenarie
1049 631 1170 698 habere
1188 631 1352 714 volumus,
1368 649 1430 713 qne
1446 633 1477 697 in

360 737 483 807 eisdem
499 740 617 809 litteris
643 741 857 808 eontinentur.
887 741 922 810 Si
950 761 1028 808 vero
1044 749 1089 825 tu,
1107 743 1159 808 vel
1175 740 1317 807 vicarius
1345 747 1431 826 tuus,
1447 747 1476 804 te

359 848 503 932 absente,
514 846 657 934 aliquem
666 849 894 932 Inquisitorem
908 848 1096 917 huiusmodi
1107 869 1149 915 ex
1159 845 1269 930 aliqua
1279 850 1367 916 forte
1378 867 1477 916 eausa

360 976 589 1040 nonnunquam
605 958 676 1025 tore
693 958 840 1028 videritis
861 959 1085 1044 amovendum,
1104 961 1210 1044 ipsum
1228 957 1425 1038 amoveatis,
1445 964 1475 1024 et

359 1064 563 1133 substituatis
588 1067 659 1134 loeo
684 1067 773 1134 iltius
790 1070 908 1148 alium,
938 1087 1032 1149 quem
1047 1067 1188 1134 similem
1213 1072 1431 1153 postestatem
1446 1075 1476 1132 et

359 1175 587 1242 auctoritatem
610 1174 734 1242 hebere
758 1177 905 1242 volumus
920 1225 929 1259 ,
945 1173 1096 1258 quotiens
1111 1174 1215 1256 vobis,
1239 1173 1476 1242 delibet-atione

360 1303 431 1350 oum
447 1283 612 1368 aliquibus
628 1282 776 1352 diseretis
793 1283 951 1353 fratribus
977 1283 1059 1352 dieti
1076 1282 1200 1351 ordinis
1216 1283 1402 1369 prohibita,
1420 1285 1476 1352 hoe

360 1396 431 1462 sone
445 1391 610 1460 videbitur
625 1391 821 1460 faeiendum.
851 1393 894 1459 tot
909 1392 937 1458 si
954 1391 1096 1474 aliquem
1112 1393 1165 1458 vel
1192 1392 1322 1475 aliquos
1339 1391 1476 1477 Inquisi-

360 1509 464 1570 torum
481 1500 623 1586 ipsorum
641 1499 804 1570 desedere
820 1501 905 1568 forte
925 1502 1111 1584 eontigerit,
1128 1521 1189 1570 nos
1205 1501 1427 1567 substituendi
1437 1501 1477 1568 de

361 1609 496 1678 oonsilio
522 1609 701 1692 aliquorum
717 1611 853 1678 fratrum
879 1610 1024 1678 eiusdem
1049 1610 1172 1678 ordinis
1189 1610 1289 1676 alium
1315 1612 1370 1677 vel
1396 1611 1477 1676 aiios

359 1720 431 1786 loeo
458 1717 548 1786 iltius
563 1720 616 1785 vel
641 1719 788 1796 illorum,
815 1719 871 1803 qui
886 1717 1096 1804 decesserint,
1113 1720 1165 1786 ita
1182 1719 1269 1803 qnod
1295 1718 1477 1785 huiusmodi

359 1826 526 1895 substituti
542 1825 666 1893 eisdem
685 1827 815 1895 omnino
832 1830 1027 1896 auetoritate
1044 1849 1085 1896 ae
1101 1834 1270 1916 potestate
1289 1828 1476 1910 fungentur,

360 1933 419 2002 tibi
435 1933 586 2020 dietoque
602 1935 750 2022 vieurio,
775 1938 804 2004 si
829 1942 863 2005 tn
879 1939 1000 2005 absens
1016 1937 1127 2020 fueris,
1144 1937 1277 2021 plenam
1294 1943 1326 2003 et
1341 1936 1475 2003 liberam

360 2045 570 2116 ooneedimns
580 2051 693 2114 tenore
703 2048 903 2133 presentium
920 2047 1118 2114 facultatem.
1135 2048 1256 2113 Datum
1272 2047 1374 2113 Rome
1392 2045 1476 2131 apud

361 2158 514 2224 Sanctum
532 2156 661 2223 Petrum
679 2157 735 2222 ΙΙΙ.
751 2158 916 2224 kalendas
934 2157 1021 2240 Maii,
1039 2158 1253 2225 Pontificatus
1270 2157 1374 2224 nostri
1390 2177 1475 2222 anno

360 2271 485 2350 quarto.

404 2461 492 2533 (vm.
502 2431 640 2520 Resistet
654 2461 731 2538 pepo
747 2461 947 2538 Regeettibol,
960 2463 1087 2520 Theiner
1100 2463 1287 2520 Monumenta
1302 2463 1355 2520 stb.
1368 2461 1388 2516 l.
1404 2462 1432 2518 k.

871 2554 932 2608 381.
944 2551 979 2619 l.)

789 2867 1047 2882 m
