3166 5238
538 335 701 438 „Q

58 536 170 600 ximus
201 533 406 618 faciendam,
425 542 460 602 ut
476 536 574 603 iidem
599 536 747 621 hospites
764 541 795 603 et
820 535 954 620 quilibet
979 555 1020 600 ex
1038 531 1119 617 ipsis
1136 530 1178 596 ab

58 643 142 707 omni
155 642 328 710 solucione
344 645 466 728 tributi,
491 643 574 712 siout
591 645 680 711 cives
698 644 858 712 Albenses
875 650 907 709 et
922 643 1101 720 Budenses,
1117 659 1177 725 per

57 749 160 816 tocius
188 751 297 837 Regni
323 752 426 818 nostri
452 751 606 834 climata,
631 756 699 818 tam
719 769 816 836 super
841 771 958 834 equam
985 747 1126 834 Danubij
1146 753 1178 813 ct

57 857 130 923 eliis
147 855 259 926 fluviis
274 861 308 926 in
324 861 437 944 Regno
455 865 566 926 nostro
584 859 810 942 existentibus,
827 857 1103 927 indescendendo
1120 873 1177 932 eut

57 968 290 1048 ascendendo,
317 987 415 1051 quam
442 976 686 1052 superterram
717 967 810 1036 liberi
835 973 868 1032 et
897 968 1054 1034 immunes
1084 965 1178 1052 peni-

55 1078 105 1141 tus
135 1075 205 1144 sint
235 1083 268 1144 et
300 1077 468 1162 exempti;
505 1078 651 1144 volentes
683 1082 715 1142 et
745 1077 938 1146 auctoritate
970 1075 1178 1162 presencium

55 1181 220 1250 uniuersis
245 1185 423 1252 tributariis
439 1185 471 1250 in
499 1185 614 1270 quovis
639 1187 710 1253 loco
727 1185 839 1254 tributi
863 1187 898 1254 in
922 1187 1037 1270 Regno
1064 1189 1176 1252 nostro

57 1291 246 1360 constitutis
264 1298 323 1362 sub
353 1293 531 1361 emissione
556 1313 662 1361 rerum
680 1302 712 1360 et
727 1293 838 1363 tributi
860 1296 995 1363 firmiter
1011 1295 1177 1379 imponen-

56 1409 123 1484 tes,
148 1408 187 1468 vt
205 1401 247 1468 de
263 1403 360 1469 rebus
377 1403 537 1470 dictorum
560 1401 725 1489 hospitum
750 1411 936 1473 nostrorum
959 1402 999 1469 de
1015 1401 1175 1488 Suprunio

56 1511 107 1576 vel
123 1511 344 1592 quorumlibet
361 1531 401 1578 ex
417 1511 509 1596 ipsis,
528 1515 585 1578 sut
601 1513 763 1581 mercibus
786 1511 969 1596 eorundem,
987 1516 1096 1578 eontra
1112 1509 1176 1576 lor·

56 1637 142 1685 mcnr
159 1619 275 1704 gracie
298 1619 346 1686 eis
362 1638 421 1703 per
445 1638 504 1688 nos
521 1620 609 1688 facte
633 1620 756 1686 nullum
773 1619 925 1690 tributum
951 1619 1096 1704 recipere
1121 1638 1175 1684 au·

57 1728 227 1796 deantvel
244 1732 492 1814 presumpment
501 1778 510 1811 ‚
537 1728 595 1796 sed
613 1729 661 1796 eis
678 1735 711 1800 et
726 1731 862 1798 cuilibet
887 1749 929 1797 ex
943 1727 1023 1814 ipsis
1041 1746 1111 1794 cum
1127 1747 1175 1795 re·

56 1833 114 1902 bus
128 1841 161 1902 et
171 1835 336 1904 mercibus
348 1855 457 1904 eorum
469 1837 606 1905 liberum
616 1839 790 1906 transitum
801 1839 964 1924 prebeant
977 1845 1010 1905 et
1019 1855 1176 1920 securum,

56 1946 196 2012 materia
220 1945 455 2031 impedimenti,
471 1946 621 2014 molestie
646 1953 703 2014 eut
718 1947 905 2016 nocumenti
921 1967 985 2015 non
1000 1945 1174 2020 obstante.

56 2051 90 2117 Si
105 2053 257 2136 quivero
275 2054 471 2122 contrarium
500 2055 577 2123 huic
593 2063 705 2124 nostre
720 2055 922 2125 ordinacioni
945 2061 978 2121 et
994 2054 1107 2139 gracie
1128 2055 1176 2122 fe·

57 2167 105 2228 ote
122 2163 418 2248 attemptenerint‚
443 2162 706 2250 indignacionem
723 2171 871 2233 nostram
888 2184 923 2234 se
941 2165 1089 2233 senciant
1104 2181 1176 2246 grs-

56 2272 138 2339 uiter
155 2271 356 2340 incursuros.
384 2274 422 2340 In
439 2271 529 2340 cuius
545 2275 593 2340 rei
611 2274 799 2342 memoriam
822 2280 854 2340 et
868 2279 1058 2362 perpetuam
1081 2271 1176 2338 firmi·

55 2385 156 2447 tatem
181 2389 354 2462 presentes
380 2381 603 2450 concessimus
629 2383 756 2452 litteras
783 2382 922 2469 duplicis
946 2381 1049 2465 sigilli
1074 2369 1176 2448 nostri

55 2489 236 2556 munimine
260 2491 441 2558 roboratas.
457 2490 576 2556 Datum
594 2510 652 2575 per
667 2511 781 2560 manus
801 2490 933 2560 disereti
951 2489 1014 2556 viri
1029 2490 1178 2574 magistri

57 2597 206 2684 Gregorii
232 2598 383 2666 Albensis
409 2597 560 2668 Ecclesie
583 2599 710 2692 Electi,
737 2597 848 2668 dilecti
873 2605 905 2665 et
930 2596 1037 2664 fidelis
1062 2597 1175 2682 nostri,

56 2727 138 2774 anno
155 2705 294 2774 Domini
309 2707 359 2774 Μ0
375 2705 448 2774 00⁰
463 2707 675 2791 nonagesimo
699 2707 857 2794 septimo,
884 2705 1090 2790 quindecimo
1115 2707 1173 2772 ka-

55 2813 169 2882 lendas
186 2814 391 2896 Novembris,
417 2816 521 2899 Regni
538 2822 645 2882 autem
661 2815 765 2884 nostri
780 2820 907 2884 octauo.

299 3029 445 3100 (Eredetie
460 3030 592 3106 Soprony
604 3031 689 3088 veros
703 3029 924 3099 levdltdrdben.)
