3166 5238
374 1163 436 1228 ΙΙΙ.
452 1161 561 1228 Eadre
573 1163 680 1249 ktruty
697 1165 864 1248 ranostrja,
882 1161 959 1247 kopp
977 1161 1094 1226 Mittor
1108 1161 1199 1246 gpb'ri
1208 1157 1348 1244 fiiiapda
1364 1158 1494 1246 Gerpely

373 1272 553 1357 eszterpamr'
567 1269 789 1348 kaaoaokaok,
805 1272 835 1334 es
846 1267 972 1355 Gytte-gp
989 1267 1183 1348 resurretura,
1195 1267 1377 1333 viseraadta
1387 1267 1492 1354 le'pyea
1578 1290 1579 1338 1

646 1377 754 1462 Lapar-
774 1379 854 1442 navit
875 1376 1220 1442 halostaoaleut.1297.

481 1552 659 1644 (A)ndreas
691 1555 754 1623 Dei
779 1555 895 1642 gracia
916 1556 1107 1641 Hungarie,
1132 1555 1324 1637 Daimaeie,
1350 1552 1496 1638 Oroaoie,

374 1667 495 1750 Rarus,
512 1667 626 1734 Seruio
637 1716 646 1751 ,
673 1664 834 1748 Gallieie,
852 1663 1043 1733 Lodomerie
1053 1715 1063 1750 ,
1083 1661 1251 1745 Cumanie,
1279 1661 1498 1747 Balgarieque

374 1773 446 1840 Rex
456 1773 618 1842 uniuersis
628 1781 799 1860 presentes
815 1773 942 1840 litteras
951 1770 1148 1859 inspecturis
1158 1772 1232 1842 salu
1241 1779 1307 1840 tem
1317 1774 1352 1839 iu
1364 1772 1499 1838 Domino

1577 1351 1579 1428 i

376 1883 616 1967 sempiternam.
634 1882 679 1950 Ut
695 1901 745 1967 ea,
763 1901 826 1966 que
851 1881 971 1949 iudioio
997 1882 1051 1946 uel
1068 1879 1247 1947 eoneordia
1266 1879 1497 1954 terminantur,
1579 1937 1581 1968 ,

374 1992 476 2077 salua,
494 1989 624 2059 illibata
634 1995 667 2057 et
682 1991 779 2057 illesa
791 1990 980 2073 consistant,
999 1993 1031 2053 et
1046 2008 1088 2056 ne
1104 1988 1138 2053 iu
1154 1987 1299 2054 reeidiue
1311 1987 1494 2055 contencio·

373 2101 426 2166 nis
444 2101 629 2184 serupulum
645 2099 845 2183 relabantur,
871 2100 978 2164 solent
994 2103 1027 2163 et
1043 2097 1165 2164 debent
1189 2098 1378 2164 litterarum
1405 2096 1495 2164 testi·

373 2208 482 2275 monio
499 2208 715 2292 perhemnari.
733 2205 818 2272 Hine
835 2212 894 2288 est,
922 2203 1007 2288 quod
1024 2205 1068 2270 ad
1095 2205 1321 2274 uniuersorum
1346 2205 1499 2272 noticiam
1580 2229 1581 2264 t

373 2322 441 2382 tam
467 2315 669 2398 presencium
697 2333 795 2396 quam
822 2313 926 2382 eriam
952 2313 1133 2381 futurorum
1158 2321 1274 2382 tenore
1290 2314 1500 2400 presencium

370 2424 520 2490 volumus
530 2421 710 2507 pervenire,
727 2421 1152 2508 quodmagisterNyoolaus
1163 2421 1250 2490 fitius
1261 2423 1371 2509 Pauli,
1383 2422 1498 2490 Comes

372 2528 923 2610 Jauriensisfidelisnoster,eoram
935 2526 1028 2593 nobis
1040 2530 1264 2614 personaliter
1285 2529 1502 2618 comparando

374 2636 516 2719 qaudam
533 2631 621 2725 (igy)
647 2638 807 2722 piscinam
831 2635 982 2722 magistri
1009 2635 1163 2723 Gregorij
1194 2639 1362 2707 Canoniei
1382 2639 1503 2724 Strigo·

372 2744 498 2812 niensis
514 2746 575 2830 filij
594 2746 728 2814 Comitis
744 2745 885 2830 Andree,
902 2753 934 2812 et
951 2747 1100 2830 magistri
1117 2746 1275 2834 Georgij,
1291 2746 1350 2834 filij
1370 2746 1505 2816 Comitis
1581 2763 1582 2844 j

372 2852 472 2937 Gene,
488 2853 599 2922 fratris
617 2853 772 2937 eiusdem,
795 2853 905 2934 Lugur
922 2861 1086 2938 voratam,
1104 2875 1120 2922 s
1140 2873 1224 2940 uper
1239 2853 1336 2921 fluuio
1364 2855 1506 2938 Duduag

373 2961 585 3046 existentem,
612 2961 753 3028 restituit
779 2962 900 3028 eisdem
918 2963 1085 3045 magistris
1103 2963 1275 3049 Gregorio
1303 2974 1336 3030 et
1362 2963 1503 3047 Georgia
1581 2959 1582 2966 ’

375 3066 470 3136 tratri
487 3069 652 3152 eiusdem,
678 3075 835 3152 tanquam
851 3069 901 3135 ius
918 3089 1027 3136 eorum
1043 3071 1304 3158 hereditarium,
1322 3072 1384 3138 sub
1412 3070 1504 3136 metis

377 3183 410 3244 et
424 3175 571 3242 terminis
589 3175 741 3260 antiquis,
762 3181 857 3260 prout
873 3196 931 3262 per
947 3179 1123 3265 magistros
1141 3180 1336 3266 Gregorium
1354 3186 1387 3247 et
1405 3179 1504 3257 Geor-

376 3285 466 3369 gium
482 3285 570 3352 diota
586 3284 712 3371 piscina
738 3284 852 3352 habita
877 3287 984 3352 extitit
1000 3294 1032 3352 et
1048 3307 1127 3372 poss
1135 3307 1212 3355 essa
1236 3289 1279 3354 ab
1296 3288 1446 3370 antiquo.
1464 3282 1507 3350 Ut
1581 3299 1582 3378 i

374 3378 480 3477 igitur
498 3389 681 3458 huiusmodi
706 3393 926 3460 restitucionis
944 3395 1046 3462 series
1063 3396 1160 3463 robur
1178 3375 1326 3483 optineat
1350 3401 1506 3483 perpetue
1581 3403 1582 3480 j

372 3500 544 3586 firmitatis,
561 3519 622 3566 nee
638 3501 742 3585 possit
757 3503 824 3568 ullo
841 3522 981 3587 unquam
1008 3513 1156 3592 tempore
1172 3508 1218 3571 irr
1234 3507 1324 3590 itari,
1338 3511 1507 3590 presentes

373 3609 418 3676 ad
433 3609 631 3694 peticionem
642 3609 877 3676 etinstanoiam
895 3611 1039 3680 eiusdem
1057 3616 1177 3705 magist
1190 3617 1219 3682 ri
1235 3617 1334 3683 Pauli
1350 3613 1435 3700 ipsis
1444 3633 1506 3679 ma·
1582 3628 1583 3651 ³

373 3717 484 3804 gistris
500 3718 667 3802 Gregorio,
686 3723 719 3782 et
736 3718 888 3804 Georgio,
905 3739 944 3785 ae
961 3742 1072 3789 eorum
1089 3743 1150 3808 pos
1171 3725 1262 3808 teris,
1280 3721 1446 3810 dupplieis
1472 3721 1509 3789 si·
1582 3744 1583 3761 ,

373 3825 444 3911 gilli
459 3826 562 3891 nostri
579 3825 780 3909 appensione
798 3827 872 3893 dari
888 3829 1045 3897 iussimus
1064 3838 1103 3897 et
1121 3832 1263 3899 feoimus
1282 3832 1507 3900 communitas.
1582 3812 1583 3877 i

372 3936 495 4001 Datum
511 3955 569 4020 per
594 3954 709 4002 manus
736 3936 933 4004 venerabilis
959 3941 1062 4024 patris
1081 3940 1204 4009 domini
1219 3937 1287 4028 Th(
1303 3933 1433 4026 eodori)
1449 3937 1508 4004 Dei

374 4042 486 4126 grooia
503 4041 658 4125 Episcopi
683 4041 866 4109 Jauriensis
893 4047 969 4114 aule
986 4054 1099 4114 nostre
1116 4049 1438 4132 Viae-Oaneeilarij,
1454 4046 1504 4109 di·

374 4151 451 4216 teeti
461 4157 494 4214 et
508 4148 614 4215 fidelis
630 4152 742 4233 nostri,
754 4170 839 4216 anno
860 4154 992 4222 Domini
1003 4158 1157 4225 millesim
1174 4179 1193 4224 o
1210 4157 1440 4225 ducentesimo
1456 4175 1507 4221 no·
1581 4145 1582 4196 ἶ

375 4256 543 4344 nogesimo
558 4257 710 4341 septimo,
722 4257 796 4324 XII.
811 4260 974 4329 kalendas
986 4266 1103 4333 Febru
1113 4267 1188 4352 arij,
1206 4265 1313 4350 Regni
1331 4273 1443 4332 autem
1457 4283 1507 4328 uo·

376 4366 437 4430 stri
453 4385 537 4431 anno
557 4373 661 4432 sexto.

376 4520 642 4595 (Hosszrikeskeny
654 4522 867 4597 i1·ohartyan.A
880 4537 984 4602 vastag
994 4533 1059 4587 zold
1070 4532 1101 4589 es
1111 4540 1199 4590 vitriis
1213 4537 1355 4598 asinorrol
1369 4530 1490 4605 apeoset
1581 4533 1582 4564 ³

377 4610 439 4667 mer
459 4611 606 4669 elreszett.
619 4617 658 4668 Az
679 4619 785 4674 erodeti
798 4617 848 4673 Dr.
864 4617 930 4676 Stur
942 4623 1218 4698 gyiijtemenyeben.
1231 4629 1265 4682 11
1271 4637 1366 4686 atnam·
1387 4603 1504 4695 ustaig)
1581 4605 1582 4622 ἶ

800 4745 1058 4763 Μ
