3166 5238
920 351 981 422 178

388 547 454 634 ipsi
470 555 609 616 actenus
626 550 851 636 possederunt,
867 549 1035 620 dedissent
1052 559 1084 616 et
1101 551 1314 618 contulissent
1336 547 1502 636 sepedicto

389 655 508 724 Oonrili
524 660 650 746 Mylaon
666 659 700 724 in
718 660 942 728 concambium
957 660 1061 746 ipsius
1078 663 1165 726 terre
1183 657 1367 740 Olcharzk,
1394 653 1504 724 simili·

388 771 438 830 ter
453 767 522 834 iurc
539 775 696 852 perpetuo
714 768 964 853 possidendam
983 766 1183 848 itascilicet,
1201 764 1290 850 qnod
1306 764 1335 831 si
1351 781 1503 850 processu

389 875 548 960 temporis
565 876 710 960 quelibet
736 878 881 963 parcium
899 897 956 961 per
973 877 1116 960 aliquem
1137 876 1269 942 racione
1286 875 1506 960 predictarum

388 983 635 1068 possessionum
652 985 901 1068 molestaretur,
926 1003 961 1052 se
978 985 1116 1050 inuicem
1133 1001 1191 1052 seu
1207 990 1316 1050 mutuo
1333 982 1505 1050 defensare

388 1097 578 1159 tenerentur
594 1092 738 1178 proprijs
765 1094 933 1160 laboribus
950 1101 983 1164 et
1000 1096 1163 1178 expensis.
1189 1095 1226 1158 In
1244 1093 1334 1159 cuius
1353 1093 1404 1158 rei
1420 1091 1506 1157 testi

388 1199 532 1266 monium
556 1208 729 1288 presentes
756 1202 978 1272 concessimus
1006 1202 1106 1287 sigilli
1132 1202 1234 1270 nostri
1261 1201 1440 1268 munimine
1466 1219 1507 1265 ro-

388 1308 535 1376 boratas.
561 1311 683 1378 Datum
701 1331 758 1397 per
783 1331 898 1378 manus
915 1309 1063 1396 magistri
1078 1310 1213 1378 Heurioi
1230 1311 1380 1380 Lectoris
1398 1308 1505 1377 Eccle-

390 1416 439 1482 sie
454 1425 565 1485 nostre
590 1437 675 1485 auno
689 1419 822 1488 Domini
838 1419 887 1484 Μθ
903 1418 972 1488 00⁰
991 1420 1204 1506 nonagesimo
1230 1419 1379 1505 septimo.
1406 1418 1506 1482 Vene-

358 1586 360 1592 .
390 1525 494 1593 raudo
520 1533 613 1612 patre
639 1529 780 1597 Domino
796 1529 840 1594 H.
856 1530 919 1596 Dei
944 1529 1059 1614 gracia
1085 1527 1249 1616 Episcopo
1267 1524 1423 1596 Vaciensi
1449 1522 1506 1590 exi-

390 1637 516 1718 stente,
533 1633 663 1702 domiuo
680 1637 851 1706 Dominioo
868 1637 1062 1721 Proposito,
1090 1635 1262 1702 Dominico
1279 1633 1445 1709 (lentore,
1460 1632 1507 1698 Ju-

390 1739 489 1827 lyano
516 1740 679 1826 Custode,
707 1744 863 1828 Olyuerio
889 1744 1129 1812 lircbidiacono
1155 1745 1332 1827 Vaeieusi,
1358 1740 1506 1829 Nycolao

390 1847 552 1915 Pestiensi
562 1903 571 1936 ‚
598 1851 760 1934 Agnstiuo
779 1852 819 1917 de
836 1852 1023 1938 Scigetfeu,
1050 1853 1198 1940 Nycolao
1214 1853 1257 1918 de
1274 1848 1453 1936 Chongrad
1478 1855 1507 1916 el

391 1955 533 2024 Goblino
550 1960 591 2026 de
607 1958 720 2025 Zonolr
738 1959 986 2030 orchidiaeonis
1004 1961 1232 2044 existentibus,
1248 1980 1288 2027 ac
1305 1960 1386 2045 alijs
1403 1958 1506 2028 multis

389 2063 424 2128 in
440 2063 590 2132 Ecclesia
606 2067 710 2134 Beate
743 2067 881 2152 Virginis
908 2069 1121 2138 existentibus
1148 2069 1219 2137 Deo
1246 2069 1300 2155 pie
1324 2066 1506 2134 famulanti·

390 2173 452 2240 bus
468 2172 631 2242 humiliter
648 2180 680 2242 et
697 2173 822 2244 deuote.

779 2339 1110 2407 ABG.

499 2531 605 2602 Jquzel.
618 2530 818 2604 Borhtrtylra
830 2532 898 2591 irott
911 2538 1046 2590 metszett
1064 2534 1160 2605 level,
1180 2535 1315 2608 melynek
1335 2535 1396 2592 allii
1408 2533 1509 2605 felhaj-

390 2625 447 2678 tott
460 2618 562 2689 htrtya
575 2621 785 2681 hasadekaibel
797 2629 882 2682 viirtie
895 2625 925 2681 eis
945 2625 1031 2694 sarge.
1049 2627 1162 2684 sodrott
1174 2627 1331 2696 eelyemrb'l
1344 2625 1457 2701 finggott
1474 2625 1509 2697 cip

390 2708 509 2804 monenti
526 2710 643 2784 pecsete
660 2713 820 2772 leszakadt.
840 2713 867 2772 A
885 2715 994 2772 kekkoi
1013 2713 1198 2774 leveltbrban
1218 2733 1225 2770 ι
1246 2718 1333 2776 Fasc.
1355 2721 1379 2773 1.
1399 2717 1465 2774 Nro.
1483 2718 1506 2772 o.

390 2803 473 2873 Erdy.
