3188 5238
825 309 976 408 *ra-

340 506 393 576 die
407 507 595 577 lestioitatis
620 505 772 592 Corporis
789 505 829 572 X.
851 502 1002 592 (Christi)
1021 509 1114 574 Anno
1130 505 1275 575 eiusdem
1293 506 1352 576 Ml
1375 505 1455 576 00⁰.

339 616 550 704 nonagesimo
569 614 724 681 secundo.

342 813 381 886 (Α
390 811 471 884 gybri
484 809 684 884 lrdptelaunak
698 809 853 880 ,magister
865 809 1012 865 Emericus
1026 807 1189 866 canonieus
1199 809 1329 866 Ecclesie
1342 809 1458 868 Posoni-

342 903 418 961 ensis
431 903 546 959 nomine
567 907 598 956 et
619 902 682 958 vioe
697 901 884 956 discretorum
906 900 1029 956 virorum
1043 901 1170 973 magistri
1189 900 1302 957 Nicolai
1315 901 1460 972 Prepesiti

344 991 514 1065 etCapituli
536 989 667 1047 Ecclesie
688 989 832 1046 eiusdem“
856 988 994 1046 ke'rdsdre
1008 991 1122 1046 kiadott
1144 989 1309 1048 atiratdbol.
1339 993 1460 1062 ,Datum

344 1091 374 1143 et
386 1089 480 1142 actum
493 1081 565 1139 feria
577 1081 704 1138 secunda
713 1081 841 1150 proxima
853 1088 919 1154 post
935 1080 1038 1138 festum
1049 1080 1234 1138 Ascensionis
1247 1083 1365 1138 Domini
1380 1082 1459 1154 (biij.

345 1175 382 1246 5.)
396 1175 480 1231 Anno
494 1173 619 1231 eiusdem
630 1169 672 1227 Μ0
685 1171 768 1228 000⁰
779 1173 914 1228 vicesimo
928 1178 1016 1228 sexto.
1030 1171 1176 1246 Magistris
1190 1173 1311 1244 Mathya
1324 1174 1455 1239 hectore,

344 1265 466 1323 Nicolao
480 1263 604 1320 cantore
618 1267 648 1317 et
659 1260 772 1318 Jacobs
786 1261 911 1319 Custode
925 1259 1055 1318 Ecclesie
1068 1269 1165 1318 nostre
1178 1263 1394 1320 existentibus.“
1407 1262 1459 1320 Po-

381 1350 623 1426 usonylrtptalarri
636 1349 865 1426 magdnleveltir
878 1350 974 1424 Capsa
986 1350 1018 1406 (l.
1031 1351 1115 1408 Fase.
1127 1351 1153 1406 4.
1166 1351 1234 1408 Nro.
1247 1354 1291 1408 39.
1311 1355 1426 1421 lineae.)

835 1646 1037 1656 *uw—

876 2187 935 2252 46.

354 2381 486 2469 Milra'ly,
502 2379 581 2468 prof
593 2382 701 2444 Boebo
719 2381 781 2466 fro,
797 2383 881 2447 Locb
896 2381 1074 2469 helysepbeo
1098 2381 1165 2448 leoli
1178 2387 1386 2470 re'azjdszdpcit
1400 2387 1468 2470 oe‘p-

405 2491 605 2576 reodcletc'lcp
619 2511 641 2552 o
655 2490 776 2576 epitrai
791 2489 1012 2578 lodptoloooak
1028 2491 1287 2580 bopyomctyozzo.
1311 2495 1408 2560 1292.

462 2687 648 2776 capitulum
665 2687 817 2757 Ecclesie
841 2689 1051 2759 Posoniensis
1067 2690 1216 2781 omuibus
1233 2685 1354 2758 Christi
1369 2687 1471 2756 fideli-

355 2797 416 2865 bus
431 2804 500 2864 tam
525 2797 751 2886 presentibus,
769 2818 866 2881 quarn
883 2799 1009 2877 foturis,
1026 2819 1164 2884 presens
1189 2799 1346 2884 scriptum
1361 2801 1470 2884 inspe-

355 2906 454 2976 cturis
470 2905 609 2976 salutem
624 2906 658 2972 in
668 2905 808 2973 Domino
824 2908 1067 2993 sempiternam.
1083 2907 1137 2976 Ad
1152 2909 1374 2975 uniuersorum
1389 2906 1472 2972 noti-

356 3013 441 3080 ciam
457 3012 573 3081 barum
588 3014 674 3082 serie
698 3015 847 3082 uolumus
870 3017 1064 3100 peruenire,
1089 3013 1269 3100 quodcum
1279 3014 1419 3081 Michael
1434 3014 1472 3080 fi·

355 3123 419 3190 lios
435 3120 570 3190 Comitis
594 3121 707 3189 Bacba
723 3123 756 3189 iu
781 3123 868 3191 lecto
892 3123 1086 3210 egritudinis
1101 3125 1325 3207 recumberet,
1351 3122 1394 3189 ad
1409 3141 1471 3189 nos

356 3233 490 3299 Petrum
498 3230 596 3298 filium
607 3231 696 3299 Peck
706 3231 887 3316 proximum
898 3251 988 3299 suum
999 3229 1189 3318 transmisit,
1199 3250 1258 3316 per
1269 3249 1363 3314 quem
1378 3229 1474 3300 nobis

356 3337 522 3408 humiliter
537 3339 752 3425 supplicauit,
779 3343 814 3408 rt
830 3337 873 3405 ad
889 3336 1085 3407 audiendum
1103 3358 1196 3406 suam
1211 3337 1473 3407 testamentalem

359 3445 611 3533 disposicionem
635 3467 677 3514 ex
692 3447 787 3515 nobis
804 3447 888 3516 duos
904 3447 1107 3516 mitteremus
1122 3467 1181 3534 pro
1196 3445 1402 3530 testimonijs,
1418 3465 1474 3512 cu·

359 3555 411 3623 ios
426 3555 704 3640 suplioacionibus
719 3556 816 3623 iustis
834 3562 867 3623 et
877 3555 1042 3626 'modestis
1058 3560 1251 3644 annuentes,
1267 3555 1414 3622 misimus
1430 3573 1473 3620 ex

359 3662 454 3732 nobis
470 3663 552 3731 duos
561 3662 648 3732 viros
662 3663 810 3752 ydoneos
820 3664 1059 3735 concanonicos
1068 3672 1210 3751 nostros,
1224 3664 1380 3732 videlieet
1391 3663 1476 3730 llar-

360 3772 462 3839 tinum
478 3777 511 3843 et
526 3773 819 3842 Andreamdictum
834 3775 976 3859 Torius,
994 3775 1050 3860 qui
1065 3773 1199 3843 tandem
1209 3771 1331 3841 auditis
1347 3773 1474 3840 ordine·

362 3880 509 3949 oionibus
524 3880 808 3948 testamentalibus
825 3880 928 3966 ipsius
940 3880 1112 3949 Michaelis
1128 3882 1161 3946 in
1177 3899 1287 3948 eorum
1303 3881 1476 3967 presencia

362 3989 459 4058 iactis
474 3987 520 4054 ad
535 4006 596 4053 uos
612 3984 780 4054 redeundo
804 4007 945 4057 unacum
963 3987 1077 4054 eodem
1093 3987 1189 4054 Petro
1204 3991 1323 4073 nepotc
1339 3985 1476 4058 Comitis

362 4095 484 4178 Baoba,
501 4095 628 4163 Thema
643 4093 710 4163 filio
726 4094 838 4163 Indrih
854 4115 976 4184 genero
993 4095 1072 4163 dicti
1087 4095 1211 4178 Baebe,
1227 4095 1386 4162 Mauricio
1409 4097 1475 4166 filio

363 4204 526 4291 Stepbaui
541 4205 583 4273 de
598 4205 712 4290 Baeb,
737 4205 858 4291 Ipolito
883 4207 950 4274 filio
968 4207 1084 4276 Oboda
1099 4214 1131 4274 et
1155 4205 1280 4276 Comite
1296 4209 1395 4276 Petro
1411 4207 1479 4275 filio

364 4313 477 4398 lanus,
493 4313 658 4381 nobilibus
684 4313 727 4383 dc
742 4315 895 4401 Wasard,
919 4315 1111 4406 propinquis
1136 4323 1169 4384 et
1193 4316 1349 4403 proximis
1373 4317 1480 4403 ipsius

364 4420 555 4506 Michaelis,
571 4423 665 4518 nobis
681 4423 791 4493 taliter
806 4425 1004 4507 retulerunt,
1031 4423 1210 4508 quodlicet
1233 4423 1403 4510 predictus
1419 4421 1478 4490 Mi-

364 4530 460 4598 chael
475 4529 630 4614 passione
655 4530 891 4616 egritudiuaria
915 4532 1098 4616 laboraret,
1125 4539 1233 4600 tamen
1249 4539 1476 4601 mentesanus

363 4659 422 4730 per
438 4637 558 4726 omnia,
573 4639 658 4710 iuter
667 4640 752 4712 alies
762 4640 994 4710 ordinaciones
1009 4659 1087 4710 suas
1096 4641 1362 4713 testamentarius
1377 4660 1478 4727 quau·
