3166 5238
612 284 778 388 „am-

129 490 227 570 geste
243 483 465 554 testimonium
489 489 663 570 presentes
691 480 912 552 concessimus
928 482 1057 552 litteras
1077 479 1256 549 munimine

129 593 233 659 nostri
250 591 351 680 sigilli
364 594 547 660 roboratas.
564 593 686 658 Datum
702 591 734 656 in
751 591 838 658 festo
854 593 958 660 Beate
973 593 1163 677 Margarete
1185 589 1255 656 Vir·

129 698 218 786 ginis
235 720 321 768 enno
338 699 472 766 Domini
489 699 661 768 millesimo
678 699 917 767 trecentesimo.

131 912 274 986 (Teutsch
288 912 320 972 ds
333 913 495 970 Firnhaber
507 913 696 970 Unlrundenb.
709 931 734 971 n.
749 911 854 969 Gcsch.
868 910 1002 968 Siebenb.
1021 913 1043 968 Ι.
1056 912 1117 969 lot.
1130 910 1193 966 218.
1206 909 1257 965 Hi-

419 1003 514 1061 besan
526 1002 660 1076 Fejernel
672 1002 734 1060 VH.
748 1003 776 1059 k.
789 1005 814 1060 2.
828 1023 850 1059 r.
863 1004 927 1060 205.
940 999 970 1069 l.)

566 1311 825 1326 unu—uum

637 1907 708 1975 lul.

127 2121 178 2189 Aa
194 2123 314 2210 erdelyi
338 2125 495 2209 leciploloa
511 2125 614 2208 citirjo
634 2124 770 2188 1299-ui
794 2123 980 2209 obmoapec,
998 2122 1079 2208 moly
1103 2122 1219 2187 scariot
1235 2143 1256 2186 o
1345 2199 1347 2208 Ι

129 2231 389 2298 kolosmoaostori
403 2233 539 2317 apcitsdp
557 2229 1140 2316 Bopurtelelcbirtolcdbobevezettctett.
1158 2230 1256 2294 1300.

240 2446 427 2532 Capitulum
453 2445 603 2513 Ecclesie
628 2445 724 2513 Beati
750 2444 921 2513 Michaelis
937 2444 1138 2528 Archangeli
1153 2445 1257 2512 Tran-

128 2555 272 2625 siluanie
289 2555 439 2624 omnibus
457 2554 579 2623 Christi
594 2552 748 2621 fidelibus
764 2572 902 2640 presens
920 2554 1078 2640 scriptum
1094 2553 1258 2640 inspectu-

129 2667 177 2734 ris
202 2664 344 2734 salutem
369 2661 402 2728 in
428 2665 571 2730 omnium
587 2664 765 2731 saluatore.
783 2664 862 2732 Gom
881 2681 1016 2750 semper
1035 2663 1079 2728 sit
1095 2661 1258 2730 stabiliter
1329 2707 1333 2715 ι

130 2778 165 2838 et
180 2771 274 2838 viuat
289 2771 376 2838 aetio
386 2790 462 2836 oum
473 2789 509 2837 se
526 2771 623 2837 litera
639 2769 720 2836 facit
735 2767 961 2852 deffensorem
974 2769 1112 2854 proinde
1128 2770 1171 2835 ad
1186 2771 1256 2838 vni-

129 2898 299 2950 uersonum
316 2879 560 2948 noticiam-tam
581 2878 787 2963 presencium
815 2898 913 2963 quam
938 2878 1118 2947 futurorum
1142 2877 1257 2944 barum

128 2989 217 3056 serie
232 2988 381 3056 volumus
396 2985 590 3075 peruenire,
615 2986 702 3071 quod
727 2987 902 3071 religiosus
916 2987 966 3056 vir
990 2987 1094 3055 frater
1110 2988 1257 3056 Lazarus

127 3097 242 3168 Abbas
268 3095 311 3162 de
335 3095 604 3162 Oolusmonustra
620 3094 663 3160 ad
687 3100 835 3162 nostram
859 3095 1025 3163 accedens
1050 3094 1257 3181 presenciam

129 3202 280 3272 exhibuit
289 3201 384 3270 nobis
401 3203 563 3286 quasdem
580 3201 706 3272 litteras
722 3204 992 3291 rescripcionales
1003 3205 1062 3272 sub
1074 3205 1185 3289 sigillo
1202 3226 1257 3272 no·

129 3320 200 3382 stro
218 3311 335 3380 minori
351 3315 517 3378 confectas
533 3315 651 3397 petens
667 3331 727 3379 nos
743 3318 780 3380 vt
796 3312 929 3380 easdem
946 3312 987 3381 de
1012 3314 1111 3382 verbo
1128 3311 1172 3381 ad
1189 3335 1258 3382 ver-

130 3422 209 3490 bum
225 3420 420 3487 transscribi
437 3426 471 3488 et
485 3420 519 3486 in
544 3419 683 3488 formam
708 3422 812 3490 nostri
832 3421 996 3509 priuilegij
1014 3420 1123 3508 redigi
1147 3422 1258 3490 iacere

129 3530 352 3615 dignaremur.
370 3529 514 3610 Quarum
531 3529 666 3616 quidem
685 3537 780 3600 tenor
794 3530 873 3600 talis
890 3536 939 3600 est
956 3557 964 3598 ε

239 3637 416 3723 Magnifice
442 3637 513 3706 siro
534 3643 567 3705 et
591 3638 730 3708 honesto
755 3637 913 3710 Ladizlao
940 3639 1004 3706 stb.
1031 3643 1113 3718 (mint
1140 3644 1256 3704 lentebb

131 3751 207 3808 145.
224 3771 262 3808 sa·
281 3751 320 3824 a.)

238 3853 308 3923 Nos
325 3854 411 3921 enim
428 3853 602 3941 legittimis
629 3859 661 3921 et
677 3856 832 3943 congruis
849 3857 1137 3943 postulacionibus
1152 3855 1257 3944 ipsius

127 3960 255 4028 domini
272 3965 391 4032 Lazari
401 3962 541 4033 Abbatis
558 3971 591 4030 et
606 3961 734 4032 iusticie
750 3970 943 4050 annuentes,
960 3965 1127 4052 predictas
1144 3963 1258 4032 literas
1318 3985 1323 3998 ·

127 4075 264 4137 nostras
280 4068 432 4156 patentes
443 4073 531 4138 omni
547 4071 738 4157 integritate
754 4073 930 4158 pollentes,
942 4094 1009 4140 non
1024 4074 1174 4154 abrasas,
1192 4089 1259 4137 non

128 4177 346 4266 cancellatas,
363 4199 429 4245 non
445 4179 598 4266 abolitas,
615 4199 681 4246 non
697 4179 921 4264 obumbratas,
938 4199 1000 4249 nec
1015 4181 1050 4247 in
1070 4179 1183 4264 aliqua
1208 4178 1261 4246 sui

126 4289 225 4372 parte
241 4285 383 4353 violatas
395 4287 435 4354 do
446 4286 546 4355 verbo
563 4287 758 4355 adverbum
780 4289 973 4355 transscribi
989 4296 1022 4355 et
1038 4286 1259 4374 pendentibus

125 4392 234 4461 litoris
251 4393 515 4478 priuilegialibus
530 4394 652 4462 nostris
667 4393 771 4463 inseri
789 4394 938 4477 fecimus,
955 4416 1039 4480 quas
1057 4396 1167 4465 eidem
1184 4414 1260 4460 con·

126 4499 290 4569 cessimus
316 4501 360 4566 ad
388 4503 565 4569 cautelam.
586 4503 708 4568 Datum
732 4503 766 4570 in
791 4502 877 4571 festo
902 4503 1111 4572 quencionis
1137 4505 1260 4573 Sancte

126 4609 245 4678 crucis
261 4628 348 4676 anno
373 4606 506 4677 Domini
532 4609 707 4680 millesimo
735 4608 844 4680 000⁰.
869 4610 1039 4698 Stephano
1070 4613 1257 4700 Preposito,
