3262 5242
660 339 703 406 33

117 533 194 601 simi
209 535 290 602 Bele
305 535 405 620 Regis
421 536 477 602 ani
492 537 597 603 nostri
622 535 791 603 karissimi
807 535 895 603 clare
914 536 1065 603 memorie
1080 535 1237 604 habuisse

117 651 305 711 noscuntur.
340 645 391 710 Ad
416 645 600 711 uberiorem
625 651 745 710 statum
773 645 920 729 ipsorum
951 645 1107 713 maiorem
1133 645 1238 712 ceiam

116 753 267 835 graciam
283 754 472 842 impensuri,
488 762 588 841 prout
612 774 721 822 rerum
737 755 864 820 utilitas
889 761 921 822 et
938 756 1150 822 commoditas
1166 775 1239 822 sua·

116 859 208 930 debit
218 915 227 950 ‚
245 863 405 942 volentes,
424 869 456 929 et
471 863 504 927 in
530 869 676 930 nostram
699 862 796 954 fidem
813 863 949 948 Regiam
967 870 1238 950 assumpmentes,

118 976 153 1035 ut
170 971 204 1037 in
219 973 391 1061 veniendo,
408 973 586 1058 morando,
614 978 647 1040 et
662 973 828 1040 redeundo
845 975 942 1059 plana
966 974 1142 1040 securitate
1159 993 1238 1058 gau-

118 1078 247 1148 debuut
263 1101 335 1148 cnm
352 1082 499 1149 omnibus
516 1083 614 1150 rebus
630 1083 709 1166 suis,
727 1083 811 1150 iusto
828 1091 861 1150 et
872 1084 1008 1166 antiquo
1025 1085 1147 1151 telonio
1164 1102 1237 1167 per-

118 1189 247 1272 soluto;
281 1211 352 1258 cum
377 1211 465 1258 nona
490 1190 613 1257 telonia
639 1191 776 1256 conficta
802 1197 833 1256 et
858 1190 983 1257 indicta
1008 1191 1239 1276 potencialiter

117 1302 265 1381 tempore
282 1299 436 1382 inpacato
453 1298 584 1364 omniuo
601 1299 841 1384 preceperimus
858 1297 1000 1384 aboleri,
1021 1297 1239 1384 suscipientes

116 1423 179 1482 nos
195 1411 351 1487 tanquam
377 1406 541 1494 speciales
567 1411 698 1472 nostros
724 1406 758 1470 in
775 1404 881 1470 sinum
905 1405 1039 1488 Regalis
1064 1405 1176 1488 gracie
1195 1407 1238 1470 ab

117 1515 263 1580 omnium
281 1513 571 1583 molestaoionibus
588 1514 720 1598 penitus
733 1513 933 1580 eximendos.
950 1514 988 1578 ln
1005 1513 1095 1579 cuius
1111 1513 1160 1580 rei
1175 1533 1240 1580 me-

117 1622 257 1689 moriam
274 1629 531 1709 perpetuamque
557 1622 742 1692 firmitatem
760 1629 929 1705 presentes
956 1622 1175 1690 concessimus
1191 1622 1241 1688 lit·

13 1797 14 1806 ,
119 1735 211 1796 teras
228 1729 368 1815 duplicis
386 1731 487 1816 sigilli
505 1731 606 1800 nostri
632 1731 811 1798 munimine
836 1730 1020 1796 roboratas.
1045 1729 1166 1796 Datum
1182 1750 1240 1816 per

13 1815 15 1832 ι
119 1858 239 1906 manus
257 1839 390 1908 discreti
406 1840 467 1907 viri
484 1839 632 1922 magisiri
649 1837 814 1906 Theodori
827 1838 983 1907 Albensis
999 1839 1148 1906 Ecclesia
1166 1839 1241 1904 Pre-

120 1948 223 2032 positi
240 1949 315 2016 aule
341 1955 451 2016 nostre
477 1948 773 2039 vicecancellarii
800 1949 911 2016 dilecti
938 1955 971 2014 et
994 1947 1101 2016 fidelis
1126 1947 1240 2032 nostri,

120 2075 209 2122 anno
226 2057 357 2122 Domini
374 2057 424 2122 Μῠ
438 2056 508 2126 00⁰
525 2058 738 2142 nonagesimo
756 2057 870 2142 primo.
895 2059 945 2123 Ad
962 2058 1119 2124 maiorem
1137 2055 1241 2120 eciam

120 2165 285 2232 cautelam
311 2165 545 2232 venerabilium
572 2173 703 2253 patrum
728 2165 914 2232 Lodomerii
940 2165 1004 2230 Dei
1029 2165 1143 2246 grauia
1165 2162 1243 2232 Stri-

121 2273 302 2361 gerrensis,
328 2281 359 2341 et
383 2271 544 2342 lobannis
566 2275 755 2342 colocensis
766 2271 1096 2359 Arobiepisooporum
1128 2271 1242 2356 sigilla

120 2386 290 2452 autentica
307 2383 511 2468 presentibus
528 2385 628 2454 inseri
645 2383 782 2450 fecimus
799 2389 833 2448 et
849 2383 982 2468 apponi.

120 2579 277 2660 (Eredetie,
292 2580 412 2650 mclynb'l
426 2597 443 2636 a
456 2577 612 2651 kiralynak
622 2581 720 2636 kettts
732 2577 762 2635 ds
777 2575 855 2664 alre't
868 2577 952 2634 e'rselr
962 2574 1092 2649 pecse'tei
1102 2573 1243 2648 fiigguelr,

121 2687 139 2725 a
153 2669 238 2740 bajor
250 2668 356 2742 kirtlyi
370 2667 507 2744 orsaagos
520 2668 720 2737 lerelttlrban,
741 2687 758 2724 a
771 2667 933 2724 Ratisbona
946 2666 1037 2722 calmil
1057 2663 1240 2738 osntalyban.

120 2759 285 2818 Kivonatait
309 2761 411 2818 kiadta
424 2760 580 2818 Gemeiner
594 2760 625 2816 C.
639 2760 673 2813 Τ.
686 2802 693 2830 ,
718 2758 845 2814 Chronik
858 2759 910 2814 der
932 2756 1018 2814 Stadt
1042 2757 1242 2830 Ragcnsburg‚

120 2853 141 2909 l.
162 2853 223 2908 ket.
243 2852 436 2924 magemburg
458 2853 536 2908 1800.
558 2850 651 2907 4321.
666 2846 979 2918 esnttnsuejercod.
1003 2846 1081 2918 Dipl.
1100 2844 1163 2902 Vll.
1182 2847 1245 2902 ket.

597 2942 622 2999 2.
635 2941 722 2998 atro.
742 2937 772 3010 l.)
839 2954 841 2956 ·

176 4801 283 4844 MONUM.
300 4797 380 4839 nuuc.
390 4795 457 4836 nisu.
469 4812 495 4822 -
508 4792 569 4832 1)le
590 4789 608 4830 9.
