3188 5238
872 281 914 352 dd

333 500 455 571 chaelis
486 497 689 586 Archangeli
721 519 807 567 anno
833 497 964 566 Domini
997 495 1171 566 millesimo
1195 497 1279 568 cti-⁰
1309 513 1460 583 nonage-

335 605 418 677 simo
442 605 554 674 tercio.

331 819 475 892 (Eredetie
489 839 507 878 s
519 819 626 880 Torms
639 819 804 896 nemretsdg
816 815 1018 983 ὶεέόὶῐίτῖδιη
1032 817 1356 878 (iniero-Keresstriron.
1370 819 1458 876 Ssnbd

866 914 948 982 non.

332 2031 459 2118 Korody
475 2029 549 2110 Pet,
561 2027 667 2095 Ols'cdr
683 2031 714 2096 ds
728 2027 839 2096 Fekcte
855 2029 957 2094 Jonas
966 2026 1272 2114 sclpereseitalckdnt
1289 2028 1463 2114 cpyeaired-

332 2140 391 2205 nelo
408 2161 429 2202 a
443 2141 591 2224 porsonyi
606 2138 762 2224 kdptolon
788 2135 860 2201 etto
876 2157 897 2197 c
913 2135 1032 2201 dionaei
1047 2137 1078 2199 dn
1102 2135 1233 2199 mise'rdi
1259 2135 1464 2220 labosoklcal,

332 2249 412 2336 boqy
428 2269 466 2311 oz
482 2243 643 2334 olperesek
658 2269 679 2309 o
694 2243 858 2312 odietlenr'il
881 2243 992 2328 mcqb'it
1009 2243 1113 2308 Jo'nos
1128 2243 1318 2308 roboratos
1334 2245 1355 2307 6
1371 2247 1467 2329 pirdt

734 2350 913 2438 flaccescet.
939 2352 1036 2418 1293.

439 2555 605 2623 Vniuersis
622 2549 746 2621 (tirrisd
761 2547 913 2618 fidelibus
929 2553 1099 2632 presentes
1115 2547 1240 2619 litteras
1256 2549 1468 2638 inspecturis

333 2663 519 2752 capitulum
545 2661 697 2730 Ecclesie
722 2658 934 2729 Posonicusis
961 2657 1135 2726 oraciones
1160 2657 1193 2722 in
1209 2657 1350 2726 Domino
1375 2660 1467 2727 Jesu

339 2773 481 2843 Christo.
505 2774 559 2841 Ad
573 2770 796 2840 uniuersorum
824 2767 978 2836 noticiam
998 2773 1114 2835 tenore
1137 2767 1340 2852 presencium
1366 2767 1470 2836 volu-

335 2899 407 2949 mus
432 2879 624 2966 peruenire,
651 2879 739 2962 quod
764 2875 949 2944 constitutis
977 2873 1196 2961 personaliter
1224 2895 1335 2944 coram
1358 2879 1468 2946 nobis

333 2991 437 3058 Paulo
452 2989 520 3058 filio
535 2989 653 3057 cosme
670 2985 712 3052 de
730 2983 856 3052 Kosodi
872 3004 931 3071 pro
947 3003 984 3051 se
1001 2990 1035 3051 et
1050 3003 1109 3070 pro
1128 2983 1261 3052 domina
1277 3005 1380 3054 vxore
1395 3005 1469 3053 sua

334 3097 441 3165 Pluris
458 3095 599 3180 nomine,
617 3093 838 3162 Oliueriofilio
851 3091 1214 3180 'Lodomerij,Jol1anne
1231 3093 1468 3163 diotoFekete

333 3203 401 3274 lilio
426 3204 598 3272 Michaelis
633 3203 753 3274 nobilis
775 3201 818 3270 de
844 3203 970 3272 chha
1002 3205 1045 3271 ab
1074 3223 1138 3270 una
1150 3253 1158 3286 ,
1184 3203 1322 3291 Dytrico
1345 3203 1469 3270 villico

335 3313 458 3397 Gunch,
476 3311 601 3380 Jacobo
615 3309 768 3380 Gotfrido
785 3312 826 3379 dc
843 3311 1081 3398 cillaDyenus,
1099 3312 1175 3378 item
1192 3311 1329 3379 Nicolac
1344 3309 1469 3381 villico

338 3420 380 3488 de
396 3419 514 3504 Miser,
539 3418 711 3487 Herbordo
728 3440 787 3505 pro
804 3439 841 3487 se
857 3426 889 3486 et
905 3439 965 3508 pro
982 3419 1061 3506 filijs
1077 3421 1194 3487 suiset
1210 3419 1361 3506 cognatis
1387 3420 1471 3487 suis

335 3529 378 3596 ab
394 3529 510 3611 ultera,
526 3525 626 3613 ijdem
641 3527 763 3595 Paulus
773 3577 782 3614 ,
800 3525 982 3611 Oliuerius,
1007 3527 1178 3595 lohannes
1197 3525 1321 3596 Fekete
1340 3547 1465 3614 preno-

335 3636 450 3704 minati
465 3634 592 3704 nobiles
607 3634 751 3703 confessi
776 3644 853 3704 sunt
868 3636 947 3703 viua
962 3653 1045 3704 voce
1054 3687 1063 3723 ‚
1082 3637 1167 3721 qnod
1187 3631 1266 3703 licet
1282 3642 1370 3704 mota
1386 3637 1466 3705 iue-

336 3745 378 3811 rit
393 3743 531 3811 materia
556 3743 737 3827 questionis
754 3745 838 3810 inter
864 3743 952 3830 ipsos
969 3763 1067 3832 super
1090 3750 1196 3812 morte
1220 3743 1382 3812 lobannis
1398 3743 1468 3832 filij

334 3851 479 3937 Itemerij
499 3847 585 3938 (igy)
602 3853 735 3936 cognati
750 3852 894 3939 ipsorum
911 3853 1007 3922 illata
1022 3852 1200 3922 casualiter
1215 3873 1274 3938 per
1290 3851 1469 3940 predictos

336 3959 428 4028 eines
445 3960 487 4027 de
503 3960 639 4047 Dponos
657 3960 747 4029 etde
765 3961 881 4046 Miser,
906 3981 947 4028 ao
966 3963 1023 4030 diu
1040 3962 1155 4029 ordine
1170 3960 1341 4030 iudiciario
1357 3965 1468 4030 alter-

337 4069 404 4136 cati
420 4067 573 4156 luissent,
589 4076 699 4136 tamen
716 4070 759 4136 ad
773 4069 921 4137 ritimum
938 4071 1159 4140 mediantibus
1174 4070 1286 4158 probis
1302 4070 1393 4155 viris,
1410 4076 1466 4139 vi-

338 4176 461 4246 delicet
476 4177 601 4246 Jacobo
619 4185 650 4244 et
676 4177 776 4246 fratre
793 4197 853 4248 suc
870 4182 968 4250 Petro
984 4180 1174 4264 comitibus,
1196 4179 1324 4250 (inmite
1338 4180 1468 4251 Furca-

342 4285 391 4352 sio
409 4292 441 4354 et
457 4285 614 4374 magistro
631 4283 727 4354 Petro
744 4287 844 4356 butro
861 4287 1025 4372 ciusdem,
1052 4287 1207 4356 Herelino
1223 4287 1244 4354 J
1247 4286 1342 4356 udioe
1356 4288 1468 4358 Poso-

339 4392 471 4478 uicnsi‚
487 4393 610 4460 Jacobo
627 4393 762 4478 antiquo
777 4394 895 4463 Judice
910 4395 1163 4480 arbitrantibus,
1189 4397 1222 4461 in
1239 4397 1339 4464 talem
1362 4399 1467 4482 pacis

339 4499 547 4570 concordiam
563 4499 792 4587 deuenissent,
820 4503 906 4587 quod
922 4503 1062 4588 predicti
1087 4503 1234 4590 hospites
1263 4503 1304 4570 dc
1322 4503 1466 4592 Dyeuus

342 4609 433 4683 etde
456 4610 558 4682 Miser
582 4629 642 4696 pro
669 4619 771 4680 morte
794 4610 934 4697 predicti
959 4609 1122 4681 Johannis
1146 4617 1275 4686 soluere
1297 4616 1464 4689 deberent
