3262 5242
385 643 506 708 Datnm
532 639 689 726 Strigonij
716 640 748 702 in
781 641 922 704 crastino
949 637 1139 706 Natiuitatis
1163 634 1307 720 Virginis
1334 633 1495 714 Glorioso,

382 768 469 815 anno
484 748 618 815 Domini
634 747 678 812 Μ.
696 747 766 814 00⁰
782 747 1003 830 nonagesimo.

676 957 780 1028 (xvss.
793 957 909 1016 natandi
922 960 1029 1016 hitales
1043 956 1199 1026 dtiratbdl).

920 1825 954 1889 2.

377 2044 443 2108 ΙΙΙ.
459 2044 564 2108 Ertdre
579 2039 685 2124 kirtly
702 2040 815 2103 Omode
831 2038 997 2102 cadonato
1013 2041 1190 2124 moperdst'ti
1214 2041 1380 2104 miodozon
1396 2041 1490 2104 dirto-

465 2153 529 2237 kot,
545 2149 684 2236 incipet]
688 2149 720 2211 V.
738 2148 853 2210 Lcczlo
867 2147 974 2231 loirdly
990 2147 1134 2210 kordbort
1149 2159 1283 2212 szcrzett.
1301 2151 1399 2212 1290.

476 2366 625 2434 Andreas
637 2363 699 2430 Dei
709 2364 821 2448 gracia
832 2362 1008 2445 Hungarie,
1020 2363 1203 2448 Dalmatio,
1215 2362 1365 2444 Croacie,
1377 2365 1491 2448 Rame,

374 2476 496 2556 Seruie,
512 2473 661 2553 (tellicio,
679 2470 881 2549 Lodomerie,
900 2470 1076 2554 Cumania,
1099 2471 1320 2554 Bulgarieqne
1336 2470 1409 2536 Rex
1426 2493 1492 2539 om-

373 2585 468 2654 nibus
478 2579 757 2650 christifidelibus
769 2585 841 2658 eto,
856 2577 941 2660 qnod
952 2575 1114 2643 Omodeus
1127 2579 1297 2644 Palatinus
1309 2579 1350 2644 de
1368 2598 1489 2666 genere

374 2693 449 2759 Aba
472 2726 516 2738 -
541 2728 583 2738 -
600 2722 644 2733 -
669 2684 815 2752 exhibuit
840 2691 949 2750 nostre
977 2685 1078 2768 Regie
1094 2686 1259 2754 Maiestati
1283 2687 1492 2772 privilegium

375 2797 619 2882 dominilnclyti
630 2796 729 2882 Regis
739 2793 895 2875 Ladizlai,
908 2792 1070 2858 carissimi
1080 2795 1240 2878 patruelis
1250 2797 1362 2862 fratris
1375 2799 1489 2883 nostri,

373 2909 407 2974 in
424 2908 542 2990 quibus
557 2904 696 2972 vidimus
722 2901 900 2979 contineri;
925 2903 1010 2983 quod
1028 2901 1115 2968 idern
1140 2900 1305 2970 Omodeus
1321 2911 1399 2988 post
1425 2907 1491 2974 obi-

372 3025 440 3082 tum
456 3014 580 3080 domini
595 3013 702 3078 incliti
718 3010 817 3094 Regis
835 3009 1011 3092 Stephani,
1037 3029 1108 3074 oum
1124 3010 1232 3078 adhuc
1250 3013 1403 3080 dominus
1420 3015 1492 3080 Rex

373 3123 549 3190 Ladislaus
574 3126 708 3207 propter
732 3118 890 3205 puerilem
907 3124 1028 3185 etatem
1054 3137 1118 3182 non
1144 3127 1258 3202 posset
1286 3120 1330 3186 ad
1357 3123 1492 3206 plenum

372 3239 441 3298 tam
456 3234 522 3298 late
539 3229 681 3313 patentis
699 3227 803 3312 Regni
830 3225 960 3291 climata
983 3223 1182 3313 gubernare,
1209 3226 1384 3311 multisque
1404 3233 1494 3298 cala·

372 3340 541 3408 mitatibus
558 3344 590 3404 et
613 3337 784 3422 pressuris,
802 3335 971 3418 presertim
987 3335 1101 3418 prelijs
1117 3336 1282 3404 intestinis
1302 3338 1414 3422 ipsum
1431 3342 1493 3406 Re-

373 3467 471 3534 gnum
487 3446 652 3532 Hungarie
663 3445 787 3528 passim
798 3442 869 3508 sine
886 3443 1014 3508 delectu
1024 3442 1170 3523 quolibet
1186 3451 1385 3529 vastaretur,
1402 3448 1490 3516 idem

374 3551 537 3621 Omodeus
554 3552 723 3619 Palatinus
741 3569 799 3634 pro
824 3549 1021 3616 sublimitate
1047 3549 1182 3633 Regalis
1209 3553 1358 3622 culminis
1385 3561 1420 3622 et
1437 3558 1492 3623 hu·

372 3683 451 3730 nore
468 3661 593 3727 Corone
610 3659 748 3725 diuersis
768 3655 1007 3724 discriminibus
1024 3663 1056 3720 et
1072 3658 1185 3739 preliis
1201 3681 1237 3727 se
1248 3661 1408 3730 obiecerit
1419 3665 1489 3748 plu-

372 3773 438 3838 ries
454 3787 526 3833 cum
542 3787 672 3836 suorum
688 3765 897 3829 multitudiue
914 3762 1117 3849 bellatorum,
1133 3765 1217 3836 inter
1229 3787 1291 3850 que
1301 3771 1492 3855 promiscua

372 3880 433 3948 fati
448 3875 636 3943 discrimina
660 3872 746 3938 idem
770 3871 933 3939 Omodeus
960 3870 1191 3940 Palatinus-
1206 3909 1250 3922 -·
1267 3879 1491 3958 percisionem

373 3989 422 4056 sui
449 3987 542 4069 digiti
568 3982 759 4050 auricularis
787 4000 900 4045 manus
922 3979 1053 4046 dextere
1079 3984 1210 4067 excepit
1235 3986 1367 4054 sortirer
1394 3988 1491 4054 dimi·

373 4094 478 4160 cando
494 4099 607 4161 contra
625 4089 820 4156 Othocarum
847 4090 968 4169 Regem
984 4091 1115 4154 Bocmie
1134 4092 1168 4155 in
1184 4092 1404 4178 expedicione
1433 4115 1493 4178 ge·

372 4203 476 4270 nerali
499 4201 635 4286 gloriosi
661 4197 847 4266 certaminis
873 4193 1005 4262 victorie
1029 4194 1170 4266 fideliter
1198 4199 1410 4288 assistendo,
1436 4204 1494 4272 vbi

374 4309 479 4377 dictus
494 4309 565 4373 Rex
579 4308 711 4375 Boemie
727 4306 832 4372 extitit
855 4306 1078 4391 interemptus.
1093 4307 1146 4372 Ad
1164 4308 1243 4390 hec,
1270 4331 1344 4376 oum
1360 4313 1493 4380 vniver-

373 4419 455 4486 sitas
481 4414 693 4482 Cumanorum
713 4411 912 4478 infidelitatis
931 4411 1112 4479 versuciam
1138 4415 1346 4500 obrepsisset
1375 4425 1493 4488 contm
1630 4422 1631 4455 ³

373 4529 477 4611 ipsum
494 4525 627 4606 Regem,
642 4522 747 4586 tocius
758 4539 814 4585 sue
830 4518 981 4604 potencie
996 4519 1152 4587 seuiciam
1162 4523 1346 4594 hostilitate
1369 4530 1492 4598 barba·

372 4634 442 4702 ries
456 4629 646 4710 excitando,
663 4629 736 4713 ipso
753 4624 896 4692 Omodeo
914 4627 1060 4690 Palatino
1075 4629 1243 4700 Maiestati
1260 4634 1367 4720 Regie
1385 4637 1491 4703 adhe·

373 4743 479 4825 rendo,
498 4756 639 4823 superna
655 4731 718 4801 Dei
734 4731 956 4798 misericordia
971 4733 1057 4798 felici
1076 4740 1214 4805 victoria
1229 4738 1417 4811 disseoavit
1434 4767 1491 4831 pa-
