3188 5238
865 283 909 354 to

806 375 963 421 ,ΓΜ

329 492 474 568 sumptus
489 489 617 552 vestros
629 503 687 568 per
703 502 800 549 unum
817 501 938 551 aunum
954 481 1048 551 nobis
1060 483 1191 550 indicte
1205 481 1306 549 Terre
1323 483 1451 550 Sancte·

326 611 514 662 succursum
538 592 688 662 iaciendo
713 611 772 681 per
797 598 918 663 terram
944 593 1090 676 offertis,
1106 595 1246 678 quantas
1272 608 1441 676 possumus

327 699 419 770 vobis
435 699 562 787 agimus
584 703 716 789 gracias
743 702 891 770 iteratas.
916 705 958 770 Et
974 701 1052 771 licet
1077 701 1120 770 ob
1148 699 1315 769 racionem
1336 699 1442 786 predi·

329 815 415 879 ctam
431 811 561 879 aeoliis
577 810 673 879 certis
689 811 730 877 de
746 810 854 880 causis
870 827 928 896 per
941 815 1054 896 partes
1070 813 1197 876 vestras
1213 808 1274 878 iter
1295 815 1442 878 nostrum

274 988 283 1006 ,
327 917 508 987 huiusmodi
519 924 707 988 conuertere
718 939 782 986 nou
793 919 973 1008 possimus;
991 917 1231 987 sublimitatem
1240 919 1380 1002 Regiam
1389 919 1441 987 do·

327 1045 496 1116 precamur
511 1027 702 1109 instantius,
719 1027 807 1112 quod
832 1026 956 1096 idcirco
982 1025 1144 1093 Diuinitus
1170 1026 1264 1094 vobis
1279 1027 1441 1112 inspirata

327 1139 501 1220 volcmar,
527 1156 623 1222 quam
649 1157 708 1206 vos
723 1138 846 1205 habere
862 1125 1009 1205 tenemus
1026 1137 1071 1205 ad
1087 1139 1215 1224 prefate
1230 1143 1316 1204 terre
1341 1136 1441 1204 subsi-

328 1246 426 1330 dium,
443 1265 509 1312 non
525 1251 683 1331 tepescat.
702 1246 744 1311 llt
759 1247 788 1314 si
804 1244 1023 1332 Magnitudini
1050 1247 1166 1313 Vestre
1182 1249 1315 1332 placeat
1331 1245 1373 1312 de
1388 1246 1441 1312 ho-

327 1354 464 1422 minibus
475 1355 636 1423 vestrisin
653 1355 808 1422 auxilium
825 1356 975 1440 ejusdem
991 1362 1077 1423 terre
1092 1355 1328 1439 transmittere,
1346 1355 1442 1422 etnbi

327 1463 482 1530 fuerimus
497 1463 658 1548 venerint,
670 1464 833 1548 jocundus
861 1472 895 1532 ct
911 1464 996 1534 letus
1012 1463 1188 1532 admodum
1205 1466 1265 1532 erit
1280 1464 1376 1532 nobis
1392 1485 1442 1530 eo·
1510 1449 1513 1456 ⁴

327 1591 398 1639 rum
415 1572 593 1656 aduentus,
621 1579 677 1639 eos
694 1574 797 1642 eciam
823 1577 1028 1660 gratulanter
1044 1583 1076 1642 et
1101 1574 1278 1644 honorifice
1293 1574 1441 1641 admitte·

326 1701 408 1748 mus.
425 1681 546 1748 Datum
556 1683 644 1767 apud
655 1684 797 1770 Berwyk
814 1702 913 1770 super
927 1682 1087 1752 Twedam
1102 1684 1135 1750 in
1147 1685 1260 1753 Scotia
1275 1683 1309 1751 in
1325 1682 1441 1769 vigilia

326 1787 420 1856 Beati
436 1787 598 1857 iohannis
617 1791 766 1875 Baptista
782 1811 868 1861 anno
884 1790 1015 1861 Domini
1031 1792 1205 1861 millesimo
1222 1792 1442 1860 ducentesimo

327 1901 541 1984 nonagesimo
553 1897 709 1968 secundo.

326 2111 443 2185 (Olarke
454 2113 546 2170 Adam
557 2110 588 2168 es
598 2113 767 2171 Holbrooke
779 2114 901 2186 Frigyos
913 2133 919 2167 ε
930 2113 1069 2184 Foedera,
1081 2112 1304 2183 Oonucntioner,
1314 2115 1441 2170 Litterae

328 2211 357 2259 et
370 2202 563 2273 cujuscunque
573 2207 685 2277 generis
695 2205 770 2261 Acta
780 2204 901 2262 Publica
910 2207 985 2262 inter
995 2207 1091 2278 Reges
1103 2207 1225 2275 Angliac
1235 2211 1265 2262 et
1275 2206 1348 2262 ulios
1363 2221 1443 2276 quos·

327 2295 371 2350 vis
384 2295 584 2366 Imperatores,
595 2296 700 2366 Reges,
713 2294 877 2366 Pontifices,
887 2296 1036 2368 Principes
1050 2297 1097 2353 vel
1107 2295 1331 2352 communitates
1343 2295 1442 2353 habita

420 2471 423 2479 Ι
501 2390 676 2444 attractata.
689 2385 754 2444 Vol.
767 2385 789 2441 Ι.
808 2405 876 2458 pars
888 2388 913 2442 2.
927 2386 1142 2444 Londini1816.
1156 2405 1183 2461 p.
1198 2382 1269 2456 760.)

753 2684 1019 2700 mam
