3188 5238
371 1109 479 1200 Trou,
503 1107 649 1174 Ssbeoico
665 1109 697 1172 ds
719 1104 888 1170 Scardona
914 1105 1045 1168 odrosok
1070 1124 1255 1194 cpyoaazoo
1273 1102 1494 1190 epyezkeddarc

695 1213 866 1278 coautlcoad
879 1211 1040 1296 koeorsdpe.
1059 1211 1157 1276 1294.
1592 1207 1593 1250 l

475 1436 511 1500 In
528 1429 645 1498 christi
664 1430 795 1496 nomine
812 1429 926 1494 Amen.
949 1426 1045 1492 Anno
1063 1425 1311 1494 Inearnecionis
1329 1430 1398 1494 eins
1417 1427 1488 1494 mil-

367 1541 482 1608 lesimo
509 1539 732 1609 ducentesimo
758 1536 970 1624 nonagesimo
996 1543 1113 1618 quarto
1141 1534 1328 1605 Indiccione
1347 1535 1422 1603 v11.
1440 1538 1492 1603 die

368 1648 505 1717 Veneris
521 1647 578 1715 IX.
605 1647 751 1714 intrante
778 1644 893 1730 Aprili.
908 1643 1050 1711 'Nobilis
1072 1644 1121 1708 vir
1148 1643 1297 1712 dominus
1324 1645 1495 1712 Mattheus

368 1754 461 1826 Lucii
478 1757 556 1825 civis
573 1753 745 1840 Tragurii,
773 1749 954 1840 syndicus,
982 1758 1126 1820 coloret
1151 1761 1345 1836 procurator
1372 1753 1493 1820 nobilis

368 1864 431 1931 viri
455 1863 577 1932 domini
594 1862 768 1947 Philipuaii
783 1861 915 1944 Rogerii
933 1861 974 1926 de
990 1858 1128 1926 Todinis
1156 1861 1238 1928 civis
1255 1863 1406 1942 Ancone,
1436 1862 1493 1928 Po

368 1971 511 2056 testatis,
528 1967 667 2040 Consilii
684 1977 717 2037 et
733 1967 921 2036 Communis
939 1968 1095 2054 Tragurii
1123 1966 1166 2031 ad
1182 1968 1401 2055 infrascripta
1421 1988 1493 2055 spe-

370 2078 498 2150 cialiter
514 2079 725 2162 constitutus,
744 2083 780 2144 ut
796 2077 978 2146 continetur
994 2078 1027 2141 in
1044 2077 1259 2144 instrumento
1282 2078 1365 2146 dicti
1382 2077 1493 2165 syndi-

370 2193 462 2258 catus
480 2189 568 2256 lacto
591 2207 677 2252 anno
696 2185 869 2253 Dominice
885 2207 905 2252 a
923 2184 1105 2253 Nativitatc
1131 2186 1304 2254 millesimo
1331 2188 1491 2256 ducente·

371 2299 453 2366 simo
469 2296 685 2379 nonagesimo
703 2301 819 2378 quarto
837 2290 1024 2360 Indicoione
1041 2292 1135 2378 VIL,
1153 2293 1208 2360 die
1223 2295 1316 2361 Jovis
1337 2296 1491 2364 kalendis

369 2406 502 2493 Aprilis,
519 2412 551 2471 et
568 2404 690 2488 scripto
707 2423 766 2487 per
781 2422 911 2468 uranum
924 2398 1044 2469 Sirocti
1061 2403 1151 2470 Petri
1167 2402 1208 2469 de
1218 2407 1367 2488 Ancona,
1386 2407 1490 2491 Impe-

368 2512 443 2580 riali
459 2512 656 2582 auctoritate
673 2518 706 2576 et
730 2531 819 2580 nuno
835 2508 1025 2578 Communis
1043 2509 1196 2598 Tragurii
1221 2515 1331 2584 Jurati
1354 2515 1490 2599 Notarii,

371 2641 458 2690 ame
483 2621 627 2689 Antonio
653 2618 771 2690 Judice
787 2627 821 2685 et
840 2621 979 2687 Notario
1005 2619 1215 2704 infrascripto
1241 2623 1311 2690 viso
1338 2631 1372 2692 et
1397 2625 1490 2707 lecto,

369 2733 501 2802 nomine
516 2739 549 2800 ct
564 2733 636 2801 vice
652 2715 737 2798 dioti'
748 2731 935 2812 Potestatis,
953 2730 1090 2799 Consilii
1106 2738 1139 2799 et
1156 2731 1347 2801 Communis
1364 2731 1486 2820 Tragu-

372 2841 423 2928 rii,
439 2848 473 2908 et
488 2860 547 2925 pro
563 2839 647 2927 ipsis
664 2840 813 2908 omnibus
840 2837 1068 2923 fidejubendo,
1095 2849 1127 2905 et
1154 2860 1192 2908 se
1218 2861 1276 2926 pro
1301 2841 1407 2909 nobili
1423 2843 1489 2910 viro

370 2951 501 3020 domino
519 2949 640 3015 (lenite
656 2949 801 3033 Georgio
817 2947 1025 3015 Berberiensi
1047 2956 1114 3016 tarn
1132 2969 1191 3016 suo
1210 2951 1349 3035 nomine,
1368 2959 1402 3019 et
1418 2973 1488 3020 suo·

374 3078 445 3130 rum
459 3057 645 3141 hominum,
663 3075 760 3139 quam
777 3056 906 3123 nornine
928 3052 1115 3123 communis
1132 3064 1166 3123 et
1182 3057 1347 3126 hominum
1364 3059 1491 3127 Almisii

370 3165 597 3255 principaliter
621 3163 800 3250 obligando
827 3163 861 3228 in
878 3163 973 3229 libris
991 3172 1023 3228 et
1039 3185 1097 3250 pro
1115 3164 1208 3258 libris
1234 3167 1332 3233 trium
1356 3168 1489 3234 millium

371 3274 577 3343 denariorum
595 3271 793 3338 Venetorum
808 3292 1003 3360 parvorum
1021 3273 1173 3340 dominus
1185 3275 1331 3342 Marinus
1348 3277 1490 3345 Dorbnio

370 3380 479 3453 Judex
505 3379 596 3449 Givls
623 3379 876 3465 Sybenicensis‚
919 3379 1096 3465 syndicus,
1123 3389 1317 3466 procurator
1344 3392 1378 3450 et
1403 3393 1490 3456 actor

372 3491 507 3577 Egregii
523 3488 586 3556 viri
612 3488 735 3554 domini
761 3487 894 3573 Georgii
909 3489 1035 3575 Jurisig
1061 3491 1102 3556 de
1119 3493 1282 3572 Berteris‚
1308 3495 1488 3562 Potestatis

371 3599 624 3688 Sybenicensis,
650 3596 814 3665 Milobrati
832 3598 1015 3684 Drngonai,
1042 3600 1115 3665 Elis
1140 3602 1355 3688 Dragovaui,
1382 3606 1486 3674 Marse

372 3706 525 3796 Gregorii
542 3713 575 3774 et
590 3707 707 3772 Marini
728 3705 873 3774 Drobine
898 3708 1049 3778 Judiounr
1076 3710 1163 3777 dicte
1181 3719 1266 3777 terre
1291 3713 1486 3799 Sybenicen·

372 3819 419 3884 sis
434 3817 479 3884 ad
508 3814 718 3899 infrascripta
743 3816 932 3899 specialiter
958 3818 1174 3904 constitutus,
1203 3827 1238 3886 ut
1255 3821 1441 3891 continetur
1456 3825 1487 3890 in

371 3927 587 3991 instrumento
614 3921 692 3989 dicti
718 3921 918 4008 Syndicatus
944 3925 1032 3994 facto
1056 3946 1143 3994 anno
1172 3926 1342 3998 Dominice
1363 3933 1485 4001 Nativi-

371 4033 450 4100 tatis
467 4029 638 4098 millesimo
664 4029 887 4098 ducentesimo
914 4035 1129 4120 nonagesimo
1158 4045 1274 4120 quarto
1300 4039 1486 4110 Indiocione

371 4141 455 4228 VII,
471 4139 526 4206 die
541 4139 635 4206 Jovis
660 4139 748 4204 VIII.
763 4119 909 4207 intrante
933 4142 1055 4226 Aprili,
1083 4149 1117 4209 et
1132 4146 1255 4229 scripto
1281 4168 1342 4232 per
1358 4171 1485 4217 manum

372 4249 541 4317 Vincencii
557 4247 687 4315 Diuiazi
713 4247 948 4330 Sybenicensis
964 4253 1072 4318 Jurati
1088 4255 1226 4337 Notarii,
1244 4276 1265 4320 a
1282 4277 1331 4323 me
1348 4261 1484 4329 Antonio

313 4373 315 4377 ·
371 4357 486 4426 dudice
514 4367 545 4422 et
559 4357 697 4424 Notario
722 4354 932 4445 infrascripto
957 4365 1028 4427 uiso
1046 4368 1079 4429 et
1100 4364 1197 4447 lecto,
1215 4369 1348 4434 nomine
1365 4378 1398 4436 et
1420 4371 1486 4438 vice

374 4466 534 4535 dictorum
559 4467 681 4534 domini
698 4465 895 4549 Potestatis,
917 4469 1068 4538 Judicum
1085 4479 1118 4538 et
1135 4471 1270 4544 Consilii
1294 4485 1328 4542 et
1344 4477 1484 4546 Commu·

365 4576 423 4642 uis
440 4571 686 4662 Sybeuicensis,
703 4583 737 4638 et
750 4594 810 4658 pro
826 4576 908 4658 ipsis
925 4579 1075 4646 omuibus
1091 4580 1311 4671 fidejubendo,
1328 4596 1414 4654 etse
1428 4610 1479 4676 pro
