3188 5238
531 369 696 470 Α

68 564 196 634 eandem
222 584 340 649 aquam
366 564 596 632 circumeundo
622 566 745 631 curiam
763 564 878 648 Bebar,
906 565 949 633 ad
964 566 1065 632 alium
1082 564 1169 643 telck,

67 672 143 756 quod
159 673 237 738 totels
253 673 340 739 cedit
355 673 388 740 in
413 679 538 758 partem
554 674 693 740 filiorum
709 673 826 756 Rebar,
843 673 877 738 in
895 673 959 740 fine
977 673 1065 749 euius
1092 670 1170 735 telate

64 781 159 849 tendit
172 779 215 845 ad
228 783 384 849 orientem
394 779 594 848 transeundo
604 781 692 846 uiam
702 780 859 848 directam
879 781 924 847 ad
939 779 1169 867 molendynum

62 892 434 979 Jorcbyksuperaquanr
446 891 599 977 Zelnyee,
617 898 649 956 et
664 890 770 957 tendit
787 891 937 975 superius
952 910 1011 975 per
1030 888 1168 956 eandem

63 1020 174 1082 aquam
190 999 233 1065 ad
251 999 512 1087 septemtrionem
523 1018 625 1084 usque
642 998 685 1065 ad
701 998 818 1083 locum,
836 1000 986 1066 ubiterre
1001 989 1079 1064 ville
1099 995 1168 1063 Zel-

62 1127 138 1196 nyce
154 1108 391 1193 distinguntur;
415 1107 541 1175 atinde
567 1108 823 1192 prosiliendode
848 1126 935 1191 aqua
958 1105 1107 1196 procedit
1124 1105 1169 1171 ad

63 1218 213 1282 orientem
231 1215 274 1282 ad
291 1217 441 1283 arborem
454 1203 575 1302 scafa,
602 1217 658 1283 ubi
675 1225 726 1283 est
742 1223 849 1301 meta;
867 1225 900 1284 et
927 1216 1002 1284 inde
1018 1215 1110 1281 uadit
1126 1214 1171 1280 ad

62 1327 154 1392 aliam
171 1326 319 1389 arborem
330 1323 434 1409 fozfa
443 1374 451 1407 ,
468 1325 524 1392 ubi
541 1331 592 1392 est
608 1333 714 1409 mcta3
736 1325 859 1391 atinde
876 1326 989 1392 circuit
1014 1324 1057 1389 ad
1075 1325 1169 1388 meri-

63 1434 141 1500 diem
158 1430 203 1499 ed
221 1451 316 1496 vnam
334 1431 431 1513 uiam,
448 1433 502 1499 ubi
519 1439 570 1498 est
586 1438 684 1517 meta,
702 1432 745 1497 de
761 1451 825 1514 qua
841 1439 929 1496 meta
948 1431 1095 1518 procedit
1110 1449 1169 1516 per

61 1541 207 1624 antiquas
224 1547 329 1606 metas
339 1541 432 1606 iuxta
448 1544 567 1606 terram
582 1541 677 1608 Pauli
694 1539 832 1608 sartoris
843 1539 887 1605 ad
897 1540 1046 1606 arborem
1055 1536 1169 1623 scafa,

60 1647 108 1716 ubi
124 1654 173 1715 est
189 1652 300 1732 meta,
327 1649 368 1714 de
385 1667 450 1730 qua
465 1655 555 1715 meta
570 1647 690 1716 transit
705 1668 804 1716 vnum
828 1647 952 1713 mocbar
972 1647 1015 1714 ad
1039 1652 1170 1734 portum

60 1757 211 1842 Wagery,
230 1763 263 1821 ct
278 1776 337 1841 per
353 1757 491 1824 eandem
508 1780 558 1821 ore
573 1755 684 1824 defluit
700 1758 743 1824 ad
762 1775 878 1840 aquam
894 1756 1026 1822 Zelnioe
1041 1755 1086 1820 ad
1102 1753 1168 1838 pri·
1267 1737 1277 1758 ⁹

60 1884 139 1930 mam
156 1869 291 1930 metam.
309 1865 375 1932 Sed
391 1865 469 1948 quia
487 1870 575 1932 terra
585 1862 736 1948 Omodey
752 1872 786 1930 et
801 1863 938 1932 fratrum
949 1882 1092 1948 suorum,
1108 1882 1170 1950 quc

60 1972 270 2041 communiter
286 1974 443 2040 remansit
468 1973 601 2057 populis
617 1972 660 2040 de
676 1972 837 2052 Waralia,
862 1971 968 2040 maior
993 1991 1068 2038 esse
1082 1969 1171 2036 uide-

60 2085 159 2166 batur,
176 2080 281 2166 ijdem
299 2081 415 2167 populi
425 2079 601 2149 ediderunt
616 2082 801 2166 quindecim
817 2081 933 2166 iugera
943 2089 1040 2168 terre,
1056 2081 1090 2146 in
1105 2087 1169 2146 ter-

59 2190 146 2274 ragio
162 2189 360 2274 populorum
385 2189 427 2256 dc
442 2189 638 2273 Tornoucb‚
664 2210 726 2274 que
743 2199 830 2258 terre
857 2197 1004 2257 cesserat
1023 2187 1170 2258 Ecclesie

60 2299 151 2366 eisin
168 2299 397 2365 concambium
413 2296 563 2366 Ecclesic
573 2297 718 2385 Virginis
735 2299 888 2367 Glorioso
903 2299 1084 2384 assignate.
1101 2300 1169 2366 Nos

60 2407 153 2493 igitur
175 2405 222 2472 ad
248 2405 444 2489 peticionem
467 2406 613 2492 parcium
639 2404 767 2472 litteras
791 2412 923 2474 nostras
948 2405 1170 2473 concessimus

59 2515 155 2601 sigilli
170 2515 277 2582 nostri
301 2512 480 2582 munimine
505 2517 686 2582 roboratas.
705 2515 826 2581 Datum
842 2535 929 2583 anno
954 2515 998 2582 ab
1014 2515 1169 2582 lucarna-

58 2624 144 2690 cione
160 2622 296 2690 Domini
312 2623 363 2686 Μο
378 2623 448 2690 00⁰
463 2623 677 2710 nonogesimo
696 2622 794 2707 qinto.
810 2626 894 2691 Item
903 2621 1018 2711 populi
1034 2623 1077 2688 de
1092 2623 1171 2687 uilla

56 2729 203 2800 Waraiia
218 2740 468 2817 assumpserunt
485 2732 668 2801 Omodeum
684 2738 715 2798 ct
730 2736 849 2799 iratres
865 2752 942 2801 suos
960 2732 1003 2798 ab
1020 2730 1171 2799 omnibus

56 2841 212 2929 impetere
228 2841 415 2910 volentibus
432 2861 562 2928 semper
578 2840 754 2911 defendere
772 2848 805 2908 ct
821 2839 986 2928 expedire.

177 3039 241 3111 (111.
254 3038 348 3093 Endre
361 3036 516 3110 kirblynak
530 3038 642 3095 rute-ki
656 3034 920 3111 megcrd'sitesdbdl.
940 3024 1035 3107 droa.)

482 3330 738 3342 m
