3214 5238
654 911 734 1036 mc.

127 1161 159 1229 Α
174 1159 376 1252 mapycdrcdi
391 1118 547 1250 lodptcdaa
562 1164 825 1253 diacayadplecclc
834 1215 843 1250 ,
869 1165 948 1252 bopy
965 1189 986 1230 a
1004 1163 1157 1233 themodi
1164 1166 1251 1252 sdes·

118 1283 228 1356 peresa
243 1273 351 1339 Zacca
366 1269 487 1362 helysep
505 1271 694 1338 lakoaaiaak
717 1273 850 1339 ceaddan
873 1297 912 1338 aa
928 1276 1029 1339 ottaai
1044 1275 1184 1339 dolosior
1199 1275 1251 1339 bo-

448 1380 537 1477 rdtaa'
552 1378 630 1445 elica
646 1381 731 1445 dedat
747 1391 810 1448 tett.
827 1383 926 1450 1300.

236 1575 424 1661 Capitulum
441 1573 590 1643 Ecclesia
605 1575 834 1644 Waradiensis
861 1578 1013 1647 omnibus
1039 1576 1161 1645 Christi
1176 1578 1251 1646 fide-

124 1687 234 1768 libus,
260 1701 398 1769 presens
414 1683 610 1768 inspecturis
637 1685 779 1752 salutem
795 1690 827 1749 et
842 1685 1118 1754 benediccionem.
1145 1686 1250 1771 Quum

123 1797 216 1880 justa
232 1791 418 1878 petentibus
436 1808 593 1860 assensus
609 1789 769 1876 denegari
784 1799 947 1879 nequeat,
968 1800 1000 1860 et
1016 1791 1103 1878 quod
1120 1793 1153 1861 in
1169 1799 1247 1860 tem-

124 1900 279 1990 pore'fit,
304 1901 338 1967 id
354 1901 538 1970 litterarum
564 1900 759 1970 testimoniis
776 1901 918 1971 humane
935 1901 1017 1991 eripi
1033 1901 1155 1973 debeat
1171 1901 1250 1970 obli-

124 2011 228 2102 vioni,
245 2028 286 2076 ne
302 2008 389 2093 quod
403 2010 490 2078 male
509 2007 642 2094 factum,
674 2010 706 2075 in
729 2017 875 2096 tempore
894 2030 953 2095 per
970 2010 1107 2079 abusum
1127 2011 1251 2095 justum

126 2116 250 2185 eradat
276 2121 308 2184 et
332 2117 463 2186 stabile.
490 2117 644 2196 Hincad
670 2117 895 2186 uniuersorum
920 2117 1073 2188 noticiam
1095 2119 1250 2207 ¹volumus

123 2223 318 2311 pervenire,
342 2224 432 2310 qnod
449 2226 596 2294 universi
621 2225 863 2294 inhabitatores
881 2231 913 2292 et
933 2245 1146 2311 possessores
1171 2225 1250 2292 ville

129 2335 245 2404 Zovan
261 2333 295 2400 in
312 2331 476 2401 domitatu
492 2333 534 2400 de
550 2335 708 2403 Karazna
720 2335 903 2420 existentis,
921 2334 1029 2404 medio
1045 2330 1250 2418 honorabilis

125 2448 160 2508 et
176 2441 310 2509 discreti
325 2441 388 2508 viri
413 2439 536 2510 domini
552 2439 786 2510 Archidiaconi
812 2442 853 2509 de
870 2439 1031 2509 Thasnad
1056 2460 1129 2508 eam
1153 2440 1249 2507 nohis
1276 2432 1280 2442 ’

129 2549 396 2634 significaverunt
411 2550 601 2636 querelam,
630 2550 718 2635 quod
735 2551 814 2618 licet
829 2551 982 2618 monachi
999 2549 1131 2618 claustri
1148 2549 1182 2615 in
1199 2569 1269 2648 ea·-

127 2659 204 2726 dem
220 2657 299 2727 villa
314 2676 355 2723 ex
381 2659 594 2746 eleemosyna
620 2658 739 2727 Jacobi
756 2658 833 2725 olim
850 2658 891 2724 de
908 2658 1023 2724 Kwsal
1032 2709 1041 2744 ,
1067 2663 1143 2725 ante
1159 2677 1250 2725 secu-

125 2767 194 2832 lum
212 2766 279 2834 fere
297 2767 469 2852 exstructi,
488 2774 521 2832 et
537 2766 659 2836 abhinc
674 2768 731 2852 pia
755 2775 788 2834 et
803 2769 908 2836 libera
924 2767 1068 2854 ipsorum
1085 2765 1250 2834 inhabita·

124 2881 234 2942 torum
251 2876 462 2959 eleemozyna
486 2875 636 2960 sustenti,
658 2875 782 2943 nullum
798 2875 887 2941 aliud
904 2875 937 2939 in
954 2876 1062 2957 ipsam
1088 2873 1201 2942 villam
1217 2879 1250 2942 et

124 2979 275 3065 ejusdem
284 2981 707 3053 inhabitatoreshabuerint
717 2983 761 3050 ab
778 2987 878 3050 antea
889 2989 922 3049 et
935 3001 1066 3068 semper
1073 2981 1139 3066 jus,
1151 3001 1249 3064 quam
1276 2998 1281 3004 ·

124 3109 222 3156 sacra
233 3087 354 3156 Christi
369 3089 523 3158 fidelibus
540 3091 804 3178 administrandi,
821 3111 863 3157 ne
879 3085 1022 3176 populus
1039 3088 1074 3154 in
1090 3093 1184 3156 tanta
1199 3089 1250 3155 iti·
1286 3128 1294 3142 ·

125 3197 219 3264 neris
245 3198 428 3282 distancia,
455 3200 580 3282 absque
597 3200 664 3266 ulla
681 3201 780 3285 plane
804 3197 971 3284 spirituali
997 3203 1031 3264 ct
1058 3196 1248 3278 quotidiana

124 3325 297 3386 sacrorum
313 3307 543 3375 consolacione
560 3312 745 3375 remaneret
759 3331 767 3394 5
792 3307 856 3394 ipsi
872 3311 1006 3391 tamem,
1024 3304 1248 3385 nasciturque
1361 3321 1364 3326 ·

124 3413 255 3482 inducti
270 3413 428 3500 consilio,
455 3419 512 3482 aut
528 3414 722 3499 interdicto,
748 3435 861 3480 omnes
887 3415 971 3480 alios
988 3411 1179 3481 sacerdotes
1205 3431 1247 3477 ex

124 3521 244 3588 eadem
261 3519 340 3589 villa
356 3541 474 3590 exesse
502 3522 624 3592 debere
641 3521 852 3608 protendant,
881 3528 915 3588 et
931 3521 1158 3590 honorabilem
1183 3522 1248 3588 lra-

41 3621 44 3623 ’
124 3638 209 3697 trem
227 3626 420 3714 Gregorium
437 3630 664 3716 presbyterum
689 3629 839 3698 Ecclesia
855 3628 1104 3713 waradiensis,
1128 3629 1250 3696 festiva

125 3755 226 3803 sacra
242 3737 416 3820 predicare
440 3739 561 3824 populo
585 3736 827 3825 intendentem,
854 3739 989 3822 abipsa
1007 3736 1159 3804 Ecclesia
1177 3757 1248 3805 oum

128 3866 199 3912 non
213 3843 278 3912 levi
294 3845 514 3914 Sacrosancte
530 3847 680 3916 Ecclesie
691 3845 858 3930 scandalo,
876 3851 909 3912 et
926 3847 958 3912 in
973 3846 1146 3924 obversum
1162 3841 1249 3912 edic·

124 3959 234 4018 torum
250 3950 496 4039 Episcopalium
521 3955 729 4039 excluserint,
756 3960 964 4039 asserentes,
981 3971 1018 4020 se
1041 3951 1250 4038 privilegium

68 4059 71 4066 '
126 4054 253 4128 h'abere
269 4079 290 4126 a
315 4057 447 4128 domino
462 4063 556 4148 Papa
572 4084 671 4152 super
683 4062 919 4148 jurisdiccione
945 4061 1047 4148 plane
1062 4060 1250 4128 Diooesana

134 4189 195 4238 seu
204 4155 398 4256 Episcopali
414 4169 589 4238 eorundem
605 4171 771 4240 indictam
786 4171 897 4240 villam
910 4167 1078 4235 exclusive
1090 4185 1248 4238 concessa

130 4277 237 4356 Quum
254 4284 364 4344 antem
379 4276 443 4363 ipsi
452 4277 692 4350 inhabitatores
708 4279 749 4347 de
764 4275 1051 4346 taliconcessione
1061 4271 1143 4342 nihil
1157 4293 1250 4362 pror-

135 4406 193 4456 sus
208 4384 398 4471 salamanca
413 4386 601 4456 honorabili
617 4389 687 4456 viro
698 4382 1078 4454 domhomchidiacono
1095 4382 1136 4449 de
1146 4380 1250 4455 Thas·
1322 4401 1323 4404 ’

131 4496 199 4564 nad
215 4494 395 4579 quidquam
412 4496 454 4564 de
471 4517 510 4565 eo
527 4495 671 4587 constet,
688 4499 765 4566 hinc
780 4495 867 4566 idem
883 4494 1016 4565 nomine
1031 4514 1091 4562 suo
1101 4545 1110 4581 ,
1128 4500 1161 4560 et
1177 4493 1250 4559 uni-

134 4622 306 4677 versorum
331 4604 589 4675 inhabitatorum
606 4607 693 4677 dicte
709 4607 786 4698 ville
811 4602 1026 4694 protestando
1043 4602 1250 4682 contradixit,

178 4730 608 4775 nonnumnnaumr.ninii-10.
794 4744 797 4747 ·
967 4704 970 4707 ’
1058 4711 1097 4776 17
1318 4710 1320 4713 ’
