3166 5238
575 321 740 424 „aea-

101 523 134 590 in
150 519 462 592 beredesberedom
475 526 508 586 et
524 521 610 611 filios
625 519 764 588 filiorum
776 516 1217 604 inreuocabiliterpcssidcn·

99 630 195 716 dam,
222 629 466 718 hujusmodi-
485 669 525 678 -
543 666 585 678 —-
601 665 644 676 -
661 633 731 697 ario
759 630 942 698 introducto
959 637 992 696 ct
1003 629 1085 694 utili
1107 627 1217 693 condi-

99 739 194 806 cione
210 740 352 820 inserta,
381 737 469 826 quod
486 738 515 803 si
530 738 600 804 ullo.
614 757 760 820 unquam
784 743 929 824 tempore
945 734 1155 822 Episcopalis
1172 734 1218 804 di-

99 847 210 934 gnitas
227 851 280 923 uel
295 848 381 915 alius
406 845 538 913 nomine
555 846 644 932 eius,
671 851 726 911 ant
743 847 853 930 aliquo
869 847 1015 932 legitimo
1041 862 1131 922 casu,
1158 861 1218 927 per

98 975 172 1024 eam
187 956 383 1041 possidens,
399 955 533 1023 racione
559 954 778 1041 possessionis
795 975 855 1040 per
872 953 1044 1041 Ocm(itcm
1060 946 1217 1036 Petrum),

97 1068 232 1134 Saulum
258 1067 394 1136 fratrem
419 1067 563 1136 eiusdem
576 1121 585 1154 ,
610 1075 643 1134 et
668 1067 859 1150 magistrum
884 1067 1088 1149 Nycolaum,
1115 1063 1217 1130 filium

97 1175 202 1259 ipsius
220 1174 356 1243 Comitis
371 1177 470 1260 Petri,
486 1178 519 1243 io
537 1173 762 1244 concambium
778 1177 958 1260 assignate,
976 1174 1133 1242 suscitata
1150 1191 1217 1237 ma·

97 1281 182 1348 teria
199 1281 380 1366 questionis
405 1301 464 1366 per
480 1281 669 1366 quempiam
690 1280 723 1346 in
739 1283 790 1348 ius
806 1287 990 1364 vocaretur,
1008 1288 1042 1346 et
1057 1282 1143 1346 idem
1161 1279 1216 1346 do·

97 1389 202 1457 minus
220 1391 412 1475 Episcopus,
423 1392 478 1458 uel
495 1391 566 1458 eius
577 1409 794 1472 successores,
813 1391 855 1457 ad
870 1390 1099 1458 sustinendam
1114 1388 1216 1472 litem,

97 1505 129 1564 ct
145 1495 190 1564 ad
207 1495 448 1564 defendendam
475 1498 581 1581 ipsam
600 1497 864 1581 possessionem,
885 1497 954 1564 iure
971 1501 1004 1562 et
1019 1495 1124 1580 Regni
1141 1514 1216 1560 ccn-

97 1603 270 1673 svetndine
286 1611 422 1672 uetante
439 1626 475 1673 se
491 1603 744 1672 insufficientem
759 1603 931 1688 iudicaret,
950 1625 991 1671 ex
1010 1611 1084 1670 tnnc
1101 1604 1216 1670 Petrus
1309 1696 1314 1698 -

97 1715 236 1794 Comes,
264 1713 421 1798 magister
446 1713 584 1796 Saulus,
620 1721 653 1779 et
677 1713 833 1800 magister
857 1713 1014 1782 Nicolaus
1045 1712 1212 1798 prelibati,

97 1841 154 1888 nec
170 1841 236 1887 non
253 1828 286 1890 et
302 1841 414 1889 eorum
430 1821 581 1896 heredes,
598 1826 765 1904 tamquam
776 1821 995 1906 expeditores,
1014 1821 1059 1888 ad
1075 1821 1216 1889 liberan-

97 1931 173 1996 dum
189 1931 453 2016 possessionem,
478 1936 511 1995 et
527 1930 711 1997 Ecclesiam
729 1932 762 1998 in
778 1933 915 2015 pacifica
940 1930 1151 2017 possessione
1168 1937 1215 1996 tu-

98 2041 226 2124 endam,
243 2038 386 2126 proprijs
401 2038 579 2122 laboribus,
597 2045 630 2104 et
646 2039 814 2124 expensis,
832 2038 874 2106 ad
893 2022 1136 2122 requisitionem
1154 2038 1214 2104 Ec·

98 2147 197 2214 clesie
214 2165 382 2214 occurrere
408 2153 591 2216 teneantur.
617 2148 669 2232 Ad
684 2147 770 2214 idern
790 2144 1027 2213 attendendum
1043 2148 1216 2214 observan-

98 2255 183 2341 dum,
204 2260 335 2338 aparte
351 2253 453 2322 altera
479 2254 631 2322 dominus
649 2255 837 2344 Episcopus
854 2274 890 2322 se
915 2257 1022 2340 ipsum
1039 2259 1072 2318 ct
1095 2254 1128 2320 in
1145 2274 1215 2339 per·

98 2381 178 2429 sona
195 2383 257 2430 sua
273 2363 465 2450 dignitatem
477 2365 711 2449 Episcopalem
728 2365 828 2431 simili
839 2363 1030 2432 condicione
1052 2363 1214 2432 astrinxit.

97 2471 166 2538 Hoc
190 2469 402 2541 nibilominus
428 2472 579 2557 adjecto,
605 2480 640 2539 ut
665 2470 693 2538 si
718 2473 887 2556 possessio
912 2496 932 2540 a
956 2471 1081 2559 Gemite
1107 2474 1214 2552 Petro,
1274 2515 1277 2520 -

98 2578 197 2646 Saule
215 2584 248 2644 et
263 2579 414 2666 Nycolac
431 2581 595 2664 magistris
612 2582 710 2662 data,
725 2601 784 2666 per
798 2584 910 2668 ipsos,
936 2581 989 2648 vel
1004 2598 1063 2664 per
1078 2579 1216 2662 heredes

97 2685 263 2770 heredum,
280 2688 314 2756 in
330 2687 490 2772 premisso
506 2689 717 2758 necessitatis
734 2690 872 2763 articulo
896 2710 960 2757 uon
977 2695 1092 2774 posset
1108 2687 1217 2754 defen-

98 2796 174 2878 sari,
191 2802 270 2862 tuuc
286 2799 364 2864 villa
380 2797 530 2864 Ecclesia
546 2797 693 2882 superius
717 2799 885 2866 nominata
903 2798 935 2863 in
953 2799 1003 2864 ius
1021 2806 1054 2864 et
1069 2795 1215 2882 proprie·
1266 2883 1270 2893 Ι

98 2909 196 2972 tatem
214 2903 384 2989 Ecclesie,
410 2912 534 2972 etcum
561 2904 752 2990 integritate
768 2907 902 2974 rediret.
931 2905 992 2984 uui
1010 2905 1139 2988 quidem
1157 2901 1216 2969 Oo-

98 3031 165 3078 mes
180 3011 318 3092 Petrus,
344 3002 465 3079 Saulus
492 3019 524 3078 et
539 3013 704 3096 Nycolaus
730 3013 897 3097 magistri,
923 3020 991 3080 tam
1007 3011 1215 3100 priuilegium

97 3119 194 3206 Regis
211 3119 380 3202 Stephani,
396 3119 609 3195 donacionem
627 3122 808 3204 continens,
827 3141 924 3204 quam
942 3120 1066 3188 domini
1081 3119 1214 3187 Andrce

96 3225 234 3293 Illustris
251 3226 351 3310 Regis
368 3226 513 3310 Vngarie
540 3227 835 3312 confirmatorium,
861 3227 1080 3298 mediantibus
1101 3229 1215 3312 quibus

97 3337 214 3402 terram
231 3336 447 3422 possederunt
457 3335 651 3422 predictam,
663 3339 811 3407 manibus
829 3339 951 3406 domini
962 3339 1118 3422 Episcopi
1134 3339 1215 3406 assi·

97 3453 246 3534 gnamnc,
271 3461 330 3532 per
355 3465 413 3512 nos
439 3451 550 3512 tamen
573 3445 607 3514 in
633 3447 773 3514 (lamera
799 3447 951 3514 Ecclesia
977 3444 1214 3514 conservanda.

98 3550 190 3618 Vnde
207 3552 269 3620 bec
284 3553 394 3621 omnia
421 3554 569 3636 superius
590 3575 748 3642 expressa
764 3553 879 3636 Comes
895 3559 1033 3638 Petrus,
1057 3555 1215 3639 magister

98 3663 213 3730 Saulus
231 3668 264 3727 et
280 3663 436 3746 magister
452 3663 620 3750 Nycclaus
645 3683 724 3749 sepe
741 3666 819 3734 dicti
835 3667 1065 3752 promiserunt,
1090 3670 1123 3732 et
1138 3683 1214 3748 prc-

98 3767 261 3838 mittentes
279 3789 315 3836 se
331 3770 517 3858 obligarunt
534 3791 648 3840 omnes
664 3781 752 3860 tres,
778 3775 807 3844 si
823 3776 991 3844 commode
1016 3767 1127 3843 facere
1143 3791 1214 3858 pos-

98 3886 180 3966 sunt,
197 3884 255 3958 aut
271 3877 333 3978 duo
350 3880 402 3944 vel
419 3879 539 3946 saltem
555 3903 637 3949 unus
654 3902 694 3948 ex
710 3885 791 3970 ipsis
808 3885 936 3952 nomine
947 3903 1014 3970 suc,
1034 3887 1065 3949 et
1084 3881 1214 3950 nomine

98 3989 251 4070 aliorum,
275 3989 319 4053 ad
334 3988 540 4072 presenciam
557 3990 679 4058 domini
695 3993 796 4078 Regis
812 3990 1021 4078 accedendo,
1039 3991 1214 4078 Regiisque

98 4087 288 4180 privilegijs,
305 4117 346 4163 ao
362 4094 515 4182 Capituli,
533 4098 588 4166 ubi
603 4099 690 4165 idem
708 4100 856 4169 dominus
870 4100 1051 4186 Episcopus
1064 4099 1214 4177 uoluerit,

97 4204 198 4272 inseri
224 4202 355 4288 facere,
383 4211 415 4270 et
440 4205 553 4287 Regiis
578 4207 781 4295 privilegiis,
807 4232 847 4278 ac
872 4199 1007 4277 alterius
1027 4208 1096 4293 Cap
1112 4243 1215 4257 --

98 4329 193 4394 quam
210 4315 331 4381 nostris
356 4313 441 4382 hunc
457 4323 643 4398 presentem
670 4313 922 4402 permulaoi'onis
948 4324 1147 4386 contractum
1163 4339 1216 4406 rof

98 4423 223 4488 horare.
251 4421 293 4488 vt
310 4421 408 4504 igitur
424 4425 590 4510 presentis
616 4428 873 4510 permutacionis
890 4427 1002 4496 titulus
1018 4430 1115 4496 robur
1132 4429 1214 4496 obti-

100 4534 174 4592 neat
188 4536 346 4613 perpetue
370 4529 553 4616 firmitatis,
581 4553 642 4602 nec
656 4555 715 4620 per
731 4535 875 4618 aliquam
889 4528 1044 4622 ,parcium
1059 4539 1213 4604 exstanti·

100 4640 157 4710 bus
173 4637 419 4710 condicionibus
444 4646 613 4728 premissis
638 4647 744 4731 possit
760 4647 894 4729 aliquali
917 4643 1026 4732 (modo
1042 4642 1212 4732 rescindi),
