3166 5238
630 965 688 1032 95.

99 1143 160 1208 ΙΙΙ.
168 1145 389 1234 ldrdrckirrilp
397 1143 1219 1234 Clcclcclokoc‘DomolcosaclcPcaddirtclcottdrpyaso'

99 1251 359 1340 cdcmcinyoadsdt
376 1277 413 1319 aa
433 1253 553 1341 crdclpc‘
576 1255 732 1341 kdptaioa
747 1259 893 1320 sadotdra
908 1257 1098 1342 mopordstct
1118 1257 1215 1324 1296.

201 1434 354 1503 Andreas
365 1433 429 1501 Dei
439 1435 553 1522 gracia
562 1436 739 1519 {iungaris
750 1437 932 1513 Dalmaoie‚
943 1425 1091 1520 Oroacie,
1101 1436 1215 1517 Reme,

98 1545 231 1630 Seruye,
250 1544 631 1632 Gallyoie,Lodomyric,
650 1545 818 1631 Cumanis,
835 1545 1054 1632 Bulgaricque
1068 1547 1140 1612 Rex
1149 1564 1214 1611 om·

97 1657 189 1722 nibus
206 1651 330 1721 Christi
346 1653 497 1725 fidelibus
514 1661 579 1725 tarn
603 1655 815 1742 presentibus
830 1674 927 1744 quam
942 1655 1059 1738 futuris
1073 1653 1214 1723 salutem

97 1761 128 1826 iu
155 1757 296 1828 Domino
322 1762 568 1850 sempiternam.
594 1760 646 1830 Ad
670 1762 893 1832 uniuersorum
918 1763 1074 1854 noticiam
1097 1759 1214 1828 harum

96 1871 239 1936 volumus
266 1889 363 1958 scrye
382 1871 564 1937 litterarum
590 1871 784 1958 peruenire,
810 1869 1103 1954 quod-Dominicus
1127 1869 1214 1938 filius

96 1975 244 2046 Ladizlai
260 1978 302 2044 de
316 1979 510 2048 Ohekeloka
526 1978 570 2048 ad
585 1987 730 2050 nostram
750 1981 915 2056 accedens
931 1977 1148 2066 presenciam,
1158 1999 1212 2044 no·

95 2087 178 2152 mine
195 2085 255 2151 suo
273 2092 305 2153 et
320 2089 452 2154 nominc
463 2087 575 2158 Lnlras
591 2087 701 2158 fratris
719 2089 769 2155 sui
786 2089 958 2178 confessus
971 2093 1027 2170 est,
1045 2087 1212 2170 quandam

95 2199 209 2264 terram
227 2193 483 2270 Pandrocatam
495 2216 589 2282 quam
601 2197 825 2283 progenitores
837 2197 897 2280 sui,
914 2179 1030 2263 Petrus
1046 2193 1211 2280 videlicet,

17 2323 18 2326 ’
95 2309 126 2370 et
139 2291 377 2372 Ladizlans'ox
404 2305 587 2375 collacione
603 2306 705 2390 Regis
723 2305 820 2390 Belc,
837 2305 944 2373 felicis
969 2303 1212 2370 recordacionis

94 2411 277 2478 habuerunt
293 2419 326 2479 et
342 2417 523 2496 tenuerunt,
540 2420 636 2498 prout
646 2415 681 2480 in
696 2412 870 2499 priuilegio
886 2413 992 2498 ipsius
1008 2411 1110 2496 Regis
1128 2411 1213 2510 'Bele

94 2519 231 2588 vidimus
249 2521 417 2602 contineri,
435 2521 585 2609 capitulo
602 2524 753 2591 Ecclesic
769 2523 863 2590 Beati
880 2520 1051 2589 Michaelis
1068 2521 1212 2598 Archan·
1300 2564 1303 2574 ·

95 2629 156 2714 geli
173 2631 396 2698 Transilnane
422 2619 481 2716 per
497 2631 663 2716 predictos
679 2633 810 2700 Petrum
828 2639 861 2700 ct
877 2623 1071 2700 Ladizlaum
1087 2649 1148 2725 pro
1164 2649 1212 2696 re·

95 2739 211 2824 mcdyo
229 2740 411 2806 animarum
429 2760 558 2810 suarum
569 2741 670 2809 fuisse
687 2740 852 2825 donatam,
871 2747 903 2806 et
918 2741 1007 2808 idem
1021 2736 1213 2830 Dominicus

94 2846 276 2932 predictam
295 2846 627 2942 donacioncmpatris
644 2849 705 2917 sub
721 2885 818 2898 -·-
836 2848 957 2917 sectam
976 2847 1028 2916 sui
1044 2853 1079 2926 et,
1091 2865 1212 2914 memo-

93 2957 153 3022 rati
168 2942 280 3027 fratris
296 2958 347 3027 sui
373 2959 504 3026 nornine
520 2967 626 3027 ratam
642 2959 757 3027 habuit
774 2965 807 3028 et
822 2965 1002 3048 acceptam.
1027 2959 1096 3030 Nos
1112 2955 1212 3042 igitur

94 3067 264 3154 perspicuo
275 3067 887 3162 consideracionisattendentes,quod
902 3087 953 3152 ea,
971 3085 1033 3150 que
1050 3067 1122 3132 Deo
1139 3082 1211 3132 curn

94 3175 147 3260 pia
164 3174 347 3245 deuocione
356 3177 500 3248 fidelium
516 3187 594 3248 sunt
610 3183 743 3267 collata,
760 3182 874 3268 Regyo
890 3179 1014 3248 debent
1029 3177 1211 3264 patrocinio

93 3285 250 3368 roborari,
262 3307 302 3355 ac
314 3287 472 3357 roborata
488 3293 689 3375 conseruari,
700 3289 915 3357 donacionem
931 3285 1107 3355 eorundem
1124 3286 1212 3352 Petri

94 3399 125 3460 et
139 3395 302 3484 Ladizlay
319 3417 465 3462 ao--
482 3399 511 3464 is
528 3397 813 3483 descendencium,
824 3396 889 3484 ipsi
906 3395 1058 3482 (iapitulo
1074 3384 1214 3462 Albensi

42 3593 45 3600 1
94 3503 186 3588 iuste,
203 3509 240 3568 ut
255 3505 473 3592 premisimus,
485 3512 518 3573 et
533 3505 679 3591 legitime
695 3507 829 3592 factem,
846 3505 891 3572 ad
900 3505 1097 3573 instanciam
1113 3509 1209 3586 etpe-

93 3612 242 3683 tioiouem
266 3613 413 3698 ejusdem
439 3614 580 3700 Capituli
606 3616 803 3684 auctoritate
820 3653 861 3664 --
878 3649 922 3662 -
938 3635 969 3680 m
986 3633 1027 3682 ex
1044 3623 1133 3680 certa
1148 3612 1209 3678 sci-

94 3721 186 3786 encia
202 3719 355 3790 duximus
381 3722 645 3790 confirmandam.
673 3723 712 3790 In
729 3725 822 3810 cujus
838 3722 886 3788 rei
903 3720 1092 3789 memoriam
1113 3719 1209 3786 tirmi-

94 3834 260 3914 tctemque
275 3837 467 3918 perpetuam
491 3835 662 3916 presentes
687 3830 908 3899 concessimus
924 3828 1052 3895 litteras
1069 3823 1209 3910 duplicis

94 3937 188 4024 sigilli
206 3937 310 4004 nostri
326 3937 505 4004 munimine
520 3937 701 4004 roboratas.
717 3939 838 4006 Datum
856 3958 914 4024 per
941 3934 1057 4004 manus
1072 3955 1208 4004 venera-

93 4045 165 4113 bilis
181 4044 286 4132 patris
302 4043 425 4112 domini
441 4043 604 4112 Theodori
628 4046 691 4113 Dci
707 4049 820 4131 gracia
836 4035 994 4132 Episcopi
1009 4042 1208 4123 lauriensis,

95 4155 164 4222 aule
187 4162 298 4223 nostre
326 4153 637 4241 vicecancellarii,
664 4151 777 4223 dilecti
794 4161 827 4222 ct
841 4155 948 4224 fidelis
967 4152 1094 4236 nostri,
1121 4171 1207 4218 anuo

94 4263 223 4332 Domini
254 4260 475 4330 dcccxxx.
509 4257 595 4352 (lgy)
612 4263 705 4350 VI⁰.,
736 4265 833 4328 XIlI⁰.
864 4260 1026 4334 kalendas
1057 4263 1206 4350 Augusti,

65 4415 67 4418 -
94 4373 194 4460 Regni
209 4381 319 4442 autem
335 4371 438 4438 nostri
454 4390 541 4440 anno
558 4378 661 4438 sexto.

96 4567 227 4642 (Teutsch
240 4567 271 4628 όι
283 4567 444 4625 Firnhaber
455 4608 463 4638 ,
476 4565 665 4626 Urlrundenb.
680 4588 704 4626 n.
724 4565 829 4624 Gcsch.
842 4563 977 4624 Siebenb.
991 4567 1012 4624 1.
1025 4567 1087 4622 ket.
1104 4565 1163 4622 196.
1175 4563 1205 4636 l.)
