3262 5242
878 1020 935 1085 25.

347 1243 367 1306 l
371 1242 405 1306 V.
426 1239 544 1304 Miller
560 1243 650 1326 pcipe
665 1239 917 1324 Mapyororszdp
927 1236 1159 1327 fdpapjar'nalr‚
1170 1236 1353 1322 fdrtominclr
1369 1241 1401 1302 e's
1415 1239 1465 1302 loe-

345 1352 482 1435 resztyda
500 1347 687 1412 labosaiaolo
702 1347 899 1434 meptoppjrg
918 1347 997 1432 lropy
1014 1347 1129 1412 Jcirroat
1138 1347 1218 1432 jecit
1228 1347 1386 1434 pttspb'lrb't
1396 1400 1405 1433 ‚
1422 1347 1468 1408 bit

435 1455 573 1542 apostoli
588 1455 713 1520 kdceto't'l
729 1479 767 1518 az
786 1455 939 1540 orazdpba
955 1453 1088 1541 lrttld'c'tt²
1106 1455 1245 1540 sepitadlr.
1264 1456 1360 1518 1291.

452 1653 610 1722 Nicolaus
647 1653 826 1738 Episcopus
854 1673 967 1720 seruus
995 1671 1159 1721 seruorum
1187 1651 1250 1717 Dei
1275 1651 1469 1718 venerabili-

346 1765 407 1830 bus
432 1762 589 1830 iratribus
616 1763 885 1849 Arcbiepiscopis
911 1769 943 1827 et
958 1761 1153 1850 Episcopis,
1180 1781 1220 1827 ac
1237 1761 1363 1828 dilectis
1388 1761 1465 1828 filiis

346 1873 479 1955 Rlectis‚
497 1873 703 1956 Abbatibus‚
722 1872 909 1954 Prioribus,
926 1873 1091 1956 Decanis,
1113 1870 1372 1955 Archidiaconis‚
1390 1871 1467 1936 Pre-

346 1982 463 2068 positis
484 1990 516 2049 et
541 1981 619 2049 aliis
645 1983 870 2049 Ecclesiarum
895 1981 1036 2048 Prolatis
1062 2000 1121 2066 per
1148 1981 1293 2064 Regnum
1319 1977 1468 2063 Ungarie

347 2089 532 2156 constitutis
549 2093 690 2158 salutem
718 2097 751 2157 et
767 2089 995 2176 Apostolieam
1021 2085 1289 2156 benedictionem.
1314 2087 1385 2156 lltsi
1405 2089 1467 2154 Ro-

347 2221 446 2268 mana
461 2201 625 2283 Ecclesia,
645 2207 833 2267 cunctorum
858 2205 963 2266 mater
980 2207 1013 2264 et
1029 2199 1189 2284 magistra
1206 2197 1361 2281 fidelium,
1381 2197 1467 2264 circa

347 2309 511 2378 salubrem
528 2309 715 2394 Regnorum
732 2309 831 2377 totius
848 2307 1107 2377 Christianitatis
1133 2313 1255 2374 statum
1273 2307 1466 2374 sollicitudi-

345 2419 397 2486 nis
414 2417 556 2486 studinm
582 2419 727 2504 gesserit
743 2416 929 2502 diligentis,
946 2438 967 2484 a
984 2419 1092 2500 longis
1116 2423 1224 2483 tamen
1241 2423 1329 2481 retro
1345 2422 1466 2502 tempo-

345 2527 435 2594 ribus
452 2528 538 2593 circa
564 2533 685 2593 statum
711 2527 816 2611 Regni
833 2525 979 2610 Ungarie
1002 2544 1195 2610 prosperum
1221 2532 1253 2591 et
1269 2525 1414 2590 votivum
1432 2545 1466 2590 se

347 2656 426 2705 cura
442 2636 596 2722 pervigili
614 2642 647 2702 et
663 2633 808 2717 quadam
819 2635 970 2702 sollertia
987 2633 1127 2720 speciali
1138 2639 1298 2700 attentam
1309 2631 1466 2719 exhibuit,

346 2744 552 2812 et'exbibero
568 2762 631 2810 non
648 2729 777 2820 cessat,
793 2751 825 2808 ct
841 2748 910 2809 tam
926 2761 986 2831 per
1002 2742 1199 2826 Legatorum
1217 2759 1256 2805 ae
1270 2743 1464 2808 Nautiorum

345 2854 519 2921 missiones
547 2851 763 2934 accomodes,
794 2861 890 2936 prout
916 2861 1097 2938 temporum
1128 2852 1275 2936 qualitas
1301 2851 1464 2940 exigebat,

345 2981 442 3044 quam
459 2962 546 3028 alias
563 2961 664 3027 etiam
683 2961 893 3046 multipharie
909 2963 1085 3046 multisque
1102 2961 1207 3028 modis
1223 2961 1380 3028 laborare
1396 2971 1466 3028 stu-

345 3070 426 3149 duit,
442 3075 478 3133 nt
494 3074 601 3135 status
620 3069 765 3137 eiusdem
791 3071 892 3153 Regni
917 3068 1054 3139 devotos
1070 3070 1160 3136 soliti
1184 3070 1363 3155 producere
1381 3069 1464 3138 filios

345 3177 493 3264 pacificis
511 3183 544 3244 et
559 3175 748 3259 tranquillis
767 3177 978 3245 successibus
996 3178 1172 3258 fulciretur,
1189 3181 1259 3245 Deo
1270 3186 1383 3262 gratus
1401 3179 1465 3245 exi-

346 3293 465 3370 steret,
482 3306 522 3353 ac
540 3285 681 3354 salubris
698 3285 876 3353 haberetur
901 3294 933 3352 et
949 3288 1039 3353 utilis
1057 3288 1174 3354 incolis
1191 3287 1270 3354 dicti
1287 3288 1413 3372 Regni,
1436 3295 1466 3354 et

345 3404 380 3462 ut
395 3394 475 3463 fides
493 3395 666 3462 Catholica
675 3450 684 3482 ,
712 3414 885 3481 perquam
904 3395 1037 3463 celestis
1054 3395 1272 3463 beatitudinis
1287 3396 1465 3481 acquiritur

344 3503 460 3588 gloria,
477 3501 647 3572 radicibus
663 3503 779 3571 solidis
795 3505 979 3572 firmaretur
996 3515 1029 3572 et
1044 3488 1223 3573 stabilibus*
1236 3512 1463 3574 manutenere·

347 3621 400 3680 tur
427 3612 545 3680 studiis
571 3613 604 3678 in
631 3613 757 3681 eodem.
790 3613 886 3680 Unde
911 3616 1020 3681 felicis
1044 3615 1280 3683 recordationis
1306 3616 1464 3682 Nicolaus

348 3724 440 3806 Papa
456 3722 515 3787 Ill.
531 3723 747 3806 predecessor
763 3729 875 3791 noster
885 3772 893 3805 ,
919 3726 1077 3809 perducto
1094 3726 1138 3792 ad
1155 3727 1225 3792 eins
1245 3723 1395 3793 notitiam
1412 3748 1466 3792 va·

344 3829 414 3898 lide
440 3830 635 3897 turbationis
661 3831 871 3919 discrimine,
905 3834 991 3915 quod
1015 3833 1049 3899 in
1073 3833 1188 3916 Regno
1213 3835 1284 3918 ipso
1299 3817 1302 3826 ¹
1317 3842 1463 3919 tempore

345 3939 508 4022 quondam
526 3939 563 4004 L.
581 3941 682 4024 Regis
709 3940 855 4026 Ungarie
880 3963 985 4031 nuper
1001 3943 1120 4012 sublati
1142 3942 1305 4011 demedio
1322 3945 1465 4013 immine·

345 4049 412 4133 bat,
429 4057 461 4114 et
477 4049 563 4134 alia,
591 4069 652 4134 que
670 4050 858 4134 dampnatis
886 4051 1019 4117 ausibus
1043 4054 1319 4137 perpetrabantur
1344 4053 1465 4121 ibidem

345 4157 378 4222 in
394 4156 640 4243 derogationem
665 4179 730 4226 non
746 4159 911 4230 modicam
928 4160 1002 4228 fidei
1026 4161 1228 4245 Christiane,
1245 4163 1464 4229 conculcatio-

344 4282 419 4330 nem
436 4266 660 4335 ecclesiastico
686 4266 853 4334 libertatis
870 4276 902 4336 et
928 4271 1159 4355 oppressiones
1176 4270 1374 4356 multiplices
1390 4274 1464 4339 Pre-

344 4373 496 4459 latorum,
513 4376 756 4460 scelestarum,
785 4380 1058 4446 monasteriorum
1076 4387 1108 4444 et
1123 4377 1261 4446 aliorum
1278 4382 1405 4465 piorum
1420 4383 1464 4447 lo·

344 4502 454 4550 corum
470 4483 577 4568 Regni
593 4485 754 4572 predicti,
781 4489 893 4553 volens
909 4489 1010 4554 tantis
1028 4495 1060 4553 et
1076 4497 1143 4555 tam
1160 4491 1314 4572 gravibus
1332 4491 1464 4558 obviare

344 4591 519 4678 periculis,
547 4601 579 4659 et
596 4592 683 4662 Cleri
700 4616 739 4661 ac
756 4597 920 4663 Baronum
939 4603 972 4663 et
987 4597 1102 4681 populi
1129 4598 1276 4665 eiusdem
1291 4599 1396 4681 Regni
1416 4599 1462 4665 di·

345 4699 492 4784 spendiis
519 4702 722 4786 compatiens
748 4722 790 4768 ex
807 4703 946 4791 affectu,
971 4707 1012 4772 ad
1029 4707 1179 4789 Regnum
1195 4705 1304 4792 ipsum
1329 4723 1462 4776 venera·
