3188 5238
590 340 631 408 75

538 430 691 446 ...μ-ρ·-

52 545 187 626 opteote
202 538 441 626 possessionis,
456 539 603 624 prefatos
618 535 789 620 Nieolnus,
811 535 913 604 aliern
926 551 1004 604 uere
1018 531 1167 602 dimidie·

47 657 150 717 tutem
175 653 368 733 prenotatus
384 643 531 714 Michael
555 665 627 715 oum
643 646 712 713 suis
738 643 892 714 frutribus
917 644 1038 712 debent
1061 641 1165 728 possi·

48 755 137 824 dere.
164 755 205 822 In
223 753 314 821 euius
330 753 378 820 rei
404 756 592 823 memoriam
608 757 779 838 presentes
803 751 1023 820 conoessimus
1038 749 1167 817 litteras

48 863 153 950 sigilli
170 859 464 932 nostrimunimine
475 864 654 933 roboratus.
671 859 791 928 Datum
802 881 889 930 auno
899 858 1030 930 Domini
1039 857 1088 926 lll⁰
1098 855 1169 929 00⁰

47 970 265 1058 nonagesimo
284 972 442 1042 seeundo.
793 960 796 966 ’

469 1137 509 1202 Α.
597 1129 636 1198 Β.
727 1133 763 1201 0.

49 1348 187 1422 (Hirtyu.
201 1347 333 1406 Nemzeti
346 1347 429 1404 suinii
442 1350 580 1422 zsinegen
592 1344 663 1418 fugg
677 1361 711 1400 su
721 1347 869 1401 ismeretes
880 1341 910 1400 e's
921 1341 986 1414 meg
999 1341 1064 1414 eleg
1076 1341 1112 1430 ep
1125 1359 1173 1414 pe-

49 1441 119 1497 nset.
132 1439 424 1512 Pozsonyktpteluni
433 1436 661 1512 meginlevelttr
674 1435 770 1507 Capsu
783 1433 814 1490 G.
824 1435 906 1490 Ferre.
919 1437 945 1490 8.
958 1434 1026 1489 Nro.
1034 1434 1078 1492 81.
1090 1434 1174 1504 Epen

49 1529 98 1606 igy
119 1528 366 1588 kisllitvalordll
386 1531 432 1586 elb'
445 1547 479 1584 eu
498 1527 624 1600 olrmriny
646 1525 712 1600 meg
726 1545 761 1584 ez
775 1524 912 1600 ersuigos
933 1521 1056 1580 leveltlr
1078 1523 1175 1596 Capsu

48 1624 127 1682 XIV.
138 1625 226 1680 Fasc.
238 1624 282 1680 20.
296 1621 465 1680 sztmiben.
484 1622 567 1679 Auen
580 1619 766 1676 termesuotes
777 1615 996 1692 killonbstggel,
1008 1617 1087 1688 hogy
1100 1620 1144 1672 ott
1156 1631 1182 1670 u

196 1711 238 1769 fe‘l
251 1711 286 1768 A.
299 1711 332 1768 B.
347 1712 377 1770 C.
397 1711 488 1772 betiik
507 1710 740 1768 uhomlokzuton
753 1707 897 1766 lithotolr.
918 1703 1031 1777 lineos.)

485 2027 743 2039 ..-.--·-—-—·-

599 2616 656 2682 ls.

52 2837 246 2925 Apozsooyi
263 2834 420 2922 temptatore
440 2831 707 2921 luizouyeotpleoels‚
726 2833 804 2918 loyy
827 2831 982 2916 Bumodus,
1002 2831 1180 2898 Bethuoeele

55 2946 108 3032 iia,
119 2948 152 3012 es
163 2945 296 3010 ookonue'
308 2943 433 3008 Tereus
443 2941 645 3010 Choudolboo
656 2939 876 3006 teuthonicus
891 2941 1041 3028 suppedito
1050 2939 1181 3006 reextulit

218 3053 317 3140 Book,
333 3052 433 3118 Mosei
440 3053 502 3137 flu,
519 3050 687 3118 erdeleebeu
707 3049 901 3116 inte'zleedett.
921 3051 1019 3114 1292.

169 3269 339 3336 Vniuersis
357 3267 479 3337 Christi
505 3265 657 3335 fidelibus
674 3271 846 3353 presentes
871 3265 1002 3332 litterar
1017 3264 1180 3350 inspectu-

55 3379 105 3445 ris
126 3374 314 3461 Capitulum
331 3373 480 3442 lloelesie
496 3373 710 3440 Posoniensis
730 3372 895 3439 orationes
911 3371 945 3436 in
961 3369 1112 3440 Domino.
1129 3372 1181 3440 Ad

59 3486 290 3554 universorum
307 3482 461 3550 notioiem
476 3487 588 3552 tenore
613 3482 819 3567 presencium
833 3483 981 3550 uolumus
998 3484 1182 3569 peruenire,

59 3593 154 3678 quod
180 3591 366 3660 constitutis
400 3591 619 3676 personaliter
653 3612 762 3660 oerum
787 3591 883 3660 nobis
908 3590 1086 3660 Benedieto
1114 3592 1181 3660 filio

56 3701 197 3784 Betheo,
214 3699 332 3783 egidio
347 3699 414 3766 lilio
424 3698 545 3766 Jeoobi
560 3719 618 3784 pro
634 3719 672 3767 se
688 3706 720 3766 et
735 3721 794 3786 pro
804 3699 896 3784 Isiph
913 3706 946 3764 et
961 3699 1085 3768 Jeeobo
1101 3699 1179 3784 filijs

56 3807 235 3892 Johonnis,
252 3809 400 3891 cognatis
417 3807 496 3893 suis,
515 3814 548 3874 et
563 3807 690 3876 Mathia
705 3805 772 3874 lilio
788 3808 881 3874 Reun
897 3806 1045 3876 similiter
1070 3828 1129 3893 pro
1146 3826 1182 3876 se

59 3925 93 3988 et
109 3937 171 4004 pro
185 3913 350 3983 Damiano
367 3911 492 3982 Olerieo
508 3913 611 3983 fratre
627 3934 686 3984 suo
697 3915 740 3984 ab
756 3936 822 3982 una
837 3920 943 4000 parte,
961 3921 994 3981 et
1008 3917 1097 3983 Book
1114 3915 1180 3983 filio

59 4025 159 4098 lllurd
174 4022 216 4090 de
232 4021 314 4090 uilla
323 4022 463 4108 Lipoldi‚
479 4023 523 4091 ab
541 4024 666 4112 eltera;
684 4023 771 4092 idem
782 4021 989 4110 Benedictus,
1000 4021 1180 4109 Egidiuset

62 4133 214 4203 Methias
231 4151 290 4218 pro
315 4151 352 4199 se
368 4137 402 4198 et
418 4152 477 4218 pro
493 4131 654 4219 prodistis
679 4133 828 4218 eognatis
854 4132 922 4198 suis
948 4129 1090 4202 oonsessi
1108 4141 1182 4202 sunt

66 4243 204 4311 orseulo
221 4241 296 4308 uive
311 4239 422 4341 vopis,
448 4241 534 4326 quod
550 4240 615 4326 ipsi
630 4240 792 4326 quandam
807 4247 926 4310 terrum
942 4260 1036 4308 suem
1051 4242 1181 4311 Turnus

62 4351 216 4422 Chondol
242 4357 405 4437 vocatam,
429 4371 470 4420 ex
496 4351 675 4420 donueione
698 4351 802 4437 Regio
827 4349 1092 4436 progenitoribus
1114 4350 1183 4420 suis

61 4464 139 4532 olim
156 4460 324 4546 collatam,
341 4467 374 4527 et
390 4480 448 4546 per
466 4479 671 4546 oonsequeos
687 4481 708 4528 a
724 4459 861 4527 Nieoloo
880 4457 948 4528 lilio
965 4458 1024 4528 Jus
1040 4465 1182 4547 cognato

62 4574 209 4658 ipsorum
225 4567 269 4634 ad
286 4588 342 4636 eoo
358 4570 556 4654 deuolutom‚
573 4571 606 4635 in
625 4575 765 4652 quatuor
779 4575 891 4656 partos
908 4570 1041 4652 equales
1052 4567 1183 4636 diuisis·

59 4689 142 4766 sent,
159 4686 194 4750 et
209 4683 358 4764 quotam
372 4683 500 4766 perlem
517 4677 663 4751 eiusdem
687 4687 777 4750 terre
792 4677 920 4750 Turnus
936 4676 1086 4750 Olrondol
1108 4697 1180 4750 eum
