3188 5238
631 375 787 484 ..ffl-

142 566 200 635 bet
215 569 293 638 naui
309 571 525 665 cumsalibus
541 572 756 642 descendenti
771 573 809 640 in
826 572 936 642 villam
954 594 1048 642 suam
1066 573 1194 644 Oronos
1209 593 1265 641 uo·

146 684 278 762 catam,
305 679 423 766 viginti
440 682 530 750 sales
546 681 679 750 racione
702 680 817 751 tributi
833 683 964 767 exigere
982 683 1088 768 possit
1103 703 1162 767 pro
1181 703 1217 752 se
1234 673 1266 748 et

145 786 292 882 habere,
316 795 349 855 et
365 787 493 858 demum
517 790 626 876 ipsum
653 791 812 858 tributum
828 790 981 860 dominus
1003 790 1180 858 Ladislans
1196 792 1267 856 Rex

145 893 252 960 frater
267 899 377 960 noster
401 898 563 982 patruelis
590 896 740 964 similiter
757 917 816 965 suo
838 898 1009 984 priuilegio
1035 897 1198 966 mediante
1215 918 1265 964 eo·

146 1002 226 1068 dem
242 1002 348 1090 modo,
373 1011 471 1091 prout
487 1005 641 1074 dominus
667 1010 737 1074 Rex
764 1007 954 1092 Stephanus
979 1007 1065 1092 patri
1089 1006 1191 1092 ipsius
1207 1010 1266 1074 Lo-

146 1108 354 1177 thardiBani
365 1113 557 1198 contulerat,
569 1135 628 1198 pro
639 1116 815 1201 meritorijs
826 1115 1091 1202 seruicijsipsius
1109 1114 1267 1184 Lotbardi

146 1218 234 1284 Bani
249 1219 415 1301 quondam
440 1220 572 1288 domino
588 1223 747 1290 Ladislao
764 1223 845 1307 Regi
861 1229 938 1290 tunc
965 1224 1144 1308 impensis,
1171 1243 1266 1306 quum

146 1325 342 1412 Joucbynus
358 1328 470 1396 Banus
487 1336 519 1396 ct
545 1331 692 1417 prefatus
718 1331 900 1398 Lotharclus
916 1333 1026 1398 Banns
1044 1353 1084 1398 ex
1109 1336 1264 1417 precepto

148 1435 255 1519 ipsius
272 1434 422 1501 Ladislai
438 1437 537 1522 Regis
561 1438 606 1504 ad
623 1437 862 1505 deaastandum
889 1440 1035 1522 Regnum
1051 1440 1185 1506 Austris
1201 1439 1266 1505 ine-

148 1549 225 1607 rant
241 1554 355 1610 contra
381 1544 502 1628 Regem
519 1549 733 1630 Boemorum,
758 1547 815 1613 vbi
832 1547 917 1613 idem
945 1545 1130 1615 Lotbardns
1156 1549 1266 1614 Bonus

149 1650 305 1719 extiterat
320 1653 509 1736 sauciatus;
527 1665 677 1739 preterea
703 1675 762 1739 pro
779 1656 930 1741 seruicijs
948 1656 1094 1724 eiusdem
1109 1656 1267 1722 Lothardi

149 1760 246 1845 Bani,
262 1770 458 1845 cotempore
470 1761 602 1831 domino
613 1764 771 1831 Ladislao
789 1763 872 1849 Regi
888 1764 1057 1850 impensis,
1075 1782 1172 1846 quum
1183 1763 1266 1830 idem

149 1867 302 1936 dominus
318 1869 492 1938 Ladislaus
518 1873 591 1937 Rex
616 1892 687 1940 cnm
714 1870 921 1939 multitudine
940 1872 1104 1940 exercitus
1130 1873 1180 1938 sui
1196 1872 1264 1936 iue-

149 1983 203 2043 rat
218 1984 332 2046 contra
358 1977 541 2047 Otokarum
557 1984 681 2066 Regem
707 1983 920 2064 Boemorum,
945 1987 1021 2050 tunc
1047 1981 1156 2067 Regni
1175 1981 1263 2046 Hun-

149 2087 245 2171 garic
259 2085 425 2154 inimicum
447 2090 643 2174 capitalem,
671 2089 725 2155 vbi
743 2088 846 2158 ceiam
874 2090 1058 2174 sepedictus
1079 2087 1265 2156 Lothardus

149 2196 263 2262 Banus
279 2194 417 2262 viriliter
432 2198 593 2266 dimicans
604 2197 701 2266 letale
718 2201 835 2266 uulnus
849 2203 1045 2283 acceperat;
1061 2217 1120 2282 pro
1132 2198 1267 2264 uulnere

149 2307 256 2374 eciam
273 2302 354 2374 dicti
371 2305 530 2373 Lotbardi
541 2308 636 2392 Bani,
653 2310 685 2374 in
703 2307 855 2378 conflictu
870 2315 985 2376 contra
1003 2310 1190 2391 comanos,
1206 2325 1267 2391 per

148 2415 274 2480 dictum
290 2414 454 2481 dominum
470 2417 594 2502 Regem
610 2418 803 2485 Ladislaum
816 2419 939 2503 habito,
957 2417 1013 2484 vbi
1029 2418 1116 2484 idem
1132 2415 1265 2482 Lethar-

148 2524 210 2590 dus
226 2527 343 2593 Banus
355 2527 420 2595 ictu
447 2529 571 2614 sagitte
586 2529 620 2595 in
638 2531 771 2597 sinistro
787 2530 872 2615 pede
888 2531 997 2596 fuerat
1021 2531 1217 2615 sagittatus,
1235 2531 1266 2590 et

149 2633 283 2716 quidam
299 2636 402 2702 irater
419 2657 498 2704 suus
515 2638 705 2708 Dominious
730 2639 859 2705 nomine
883 2637 1093 2714 interfectus,
1119 2637 1180 2722 ipsi
1206 2637 1267 2701 Lo·

147 2742 268 2810 thardo
293 2745 385 2811 Bano
401 2745 587 2830 reliquisset
612 2751 763 2815 etesium
790 2747 984 2816 contulisset
1009 2741 1268 2830 possidendum3

149 2859 302 2936 petentes
318 2853 417 2938 ijdem
434 2855 618 2922 Lothardus
642 2859 752 2923 Banns
769 2865 802 2924 et
817 2856 993 2923 Ladislaus
1011 2855 1099 2921 lilius
1117 2871 1216 2935 snus,
1233 2856 1268 2916 vt

146 2962 257 3046 ipsum
275 2963 431 3030 tributum
448 2984 579 3046 eorum,
606 2972 705 3050 prout
720 2965 917 3051 temporibus
945 2965 1106 3033 dictorum
1121 2961 1267 3030 domino·

146 3088 219 3134 rum
236 3069 360 3155 Regum
377 3070 540 3139 habuisse
566 3077 598 3137 et
615 3071 804 3156 percepisse
820 3071 1049 3154 dinoscuntur,
1071 3069 1154 3154 ipsis
1171 3066 1267 3132 relin-

149 3194 251 3261 quere
270 3176 361 3243 etde
386 3196 469 3244 ircuo
486 3176 636 3247 conferre
661 3176 879 3260 dignaremur.
904 3181 973 3246 Nos
990 3179 1101 3262 itaque
1118 3175 1266 3245 conside·

147 3284 234 3351 ratis
258 3285 474 3352 fidelitatibus
501 3293 533 3352 et
549 3284 697 3370 seruicijs
721 3285 922 3351 dominorum
949 3284 1111 3350 Lotbardi
1135 3283 1217 3348 Bani
1235 3286 1266 3346 et

147 3391 299 3460 Ladislai
316 3392 374 3476 filij
393 3393 443 3460 sui
469 3393 564 3461 nobis
581 3394 614 3457 in
631 3391 898 3477 expedicionibus
923 3392 1046 3459 nostris
1072 3397 1184 3458 contra
1210 3389 1266 3456 do-

147 3502 272 3570 minum
289 3497 453 3569 hlbcrtnm
471 3501 594 3572 Ducem
613 3502 742 3567 Austris
766 3508 844 3569 tunc
870 3501 1034 3570 inimicum
1051 3507 1206 3581 nostrum,
1235 3504 1266 3562 et

148 3609 280 3676 demum
297 3610 329 3674 in
347 3609 494 3677 exercitu
511 3616 621 3678 nostro
634 3616 747 3678 eontra
763 3609 847 3676 filios
865 3611 1000 3678 Henrici
1016 3609 1140 3691 habito,
1159 3607 1214 3690 qui
1230 3626 1266 3672 se

148 3724 299 3783 anostra
316 3723 522 3783 retraxerant
539 3718 731 3800 Maiestate,
749 3720 916 3804 impensis,
941 3738 980 3782 ex
999 3718 1135 3786 consilio
1150 3716 1265 3783 Archi·

148 3824 398 3912 episcoporum,
423 3825 659 3912 Episcoporum
676 3831 709 3890 et
725 3828 889 3892 Baronum
907 3825 1014 3910 Regni
1040 3823 1142 3890 nostri
1158 3823 1266 3906 ipsum

148 3932 306 3998 tributum
323 3931 357 3997 in
375 3932 493 3998 Zomus
511 3933 655 3998 existens
672 3953 711 4000 eo
729 3933 797 4000 iure
815 3941 847 4000 et
863 3954 902 3999 ea
924 3931 1140 4018 plenitudine,
1157 3950 1265 4013 quem-

148 4041 327 4108 admodum
355 4041 555 4127 temporibus
581 4041 783 4107 dominorum
801 4043 960 4128 Stephani
988 4053 1020 4108 et
1036 4040 1182 4106 Ladislai
1206 4041 1265 4104 Rc-

148 4170 226 4236 gum
243 4151 385 4236 ipsorum
413 4151 590 4238 priuilegio
607 4151 773 4217 mediante
789 4151 877 4216 idem
905 4149 1088 4215 Lethardus
1107 4150 1218 4214 Banus
1235 4153 1268 4213 et

149 4259 238 4324 filius
254 4276 331 4324 suus
349 4257 507 4326 habuisse
524 4258 745 4339 dinoscuntur,
764 4257 847 4342 ipsis
863 4255 1027 4322 Lotbardo
1048 4255 1139 4322 Bane
1156 4261 1187 4321 et
1204 4256 1265 4320 La·

148 4367 258 4434 dislao
274 4366 341 4432 filio
358 4387 418 4434 suo
433 4387 476 4440 ac
493 4387 605 4434 eorum
615 4366 803 4448 heredibus,
817 4364 1035 4448 heredumque
1046 4385 1175 4432 suornm
1194 4383 1265 4429 suc·

149 4477 333 4546 censoribus
350 4475 550 4560 reliquimus,
569 4474 718 4542 dedimus
734 4481 766 4539 et
783 4475 824 4540 de
840 4493 925 4540 nouo
950 4473 1149 4541 contulimus
1164 4472 1267 4557 perci·

146 4586 314 4671 piendum,
332 4585 575 4672 possidendum,
592 4585 770 4652 tenendum
789 4590 822 4649 et
838 4583 1033 4650 habendum.
1057 4584 1095 4649 ln
1112 4566 1203 4650 cuius
1218 4581 1266 4647 rei

148 4693 341 4761 memoriam
366 4699 620 4778 perpetuamque
646 4693 832 4758 firmitatem
848 4697 1019 4778 presentes
1046 4691 1265 4759 concessimus

1066 4799 1107 4868 5*
