3166 5238
583 322 741 422 aa„

91 525 317 612 predictorum
334 519 485 590 Ladizlai
495 569 505 603 ,
522 516 610 584 Deos
627 523 660 598 et
676 523 885 600 cognatorum
905 533 1035 584 suorum
1045 567 1054 602 ,
1072 519 1153 584 etin
1171 517 1187 583 f
1209 551 1221 566 ·

91 644 147 704 cto
164 635 309 704 indebite
326 629 530 699 dctencionis
541 625 806 712 terrcltcginalis
821 624 1219 710 Arkybanaaurchukuo·

92 750 180 826 cate,
198 761 298 826 quam
315 740 443 808 scilicet
470 735 652 803 indebitam
670 731 893 802 detencioncm
911 738 998 800 terre
1013 755 1071 821 per
1088 737 1221 804 eosdem

90 851 362 920 nobiles-iactam
379 847 481 914 iidem
498 843 675 911 Ladizlaus
692 848 724 909 et
741 843 830 910 Decs
846 841 997 909 similiter
1011 862 1083 910 cum
1099 844 1220 912 litteris

89 959 308 1041 inquisitoriis
325 955 596 1041 comprobarunt,
623 952 748 1032 Zodan‚
767 953 850 1017 Bors
867 957 899 1017 et
919 952 1094 1019 Nicolaum
1110 955 1219 1039 predi·

92 1073 176 1152 ctos,
193 1075 349 1150 tanquam
370 1065 543 1145 uiolentos,
563 1059 645 1127 etin
662 1081 720 1142 eo,
748 1059 824 1142 quia
841 1058 941 1126 iidem
965 1062 999 1128 in
1016 1062 1220 1130 exhibicione

91 1175 256 1241 falsarum
268 1176 447 1240 litterarum
461 1178 618 1252 tanquam
629 1165 758 1235 falsarii
768 1167 802 1232 in
819 1169 888 1233 suis
899 1166 1147 1236 defensionibus
1155 1189 1220 1236 om·

91 1283 174 1349 nino
201 1281 401 1362 deiecerunt,
417 1281 511 1345 iuxta
527 1283 652 1345 statuta
667 1275 774 1360 Regni
789 1275 823 1339 in
842 1294 952 1342 eorum
971 1278 1121 1361 personis
1146 1279 1221 1359 igne

93 1391 291 1457 cremandos
305 1394 339 1453 ct
355 1395 458 1452 morte
476 1387 588 1452 debita
614 1381 907 1468 condempnandos
932 1381 1066 1450 eosdem
1091 1389 1220 1450 senten·

92 1499 224 1564 cialiter
240 1495 445 1562 decreuimus
462 1501 620 1576 tanquam
638 1492 901 1558 destruccionum
919 1497 952 1556 et
968 1491 1129 1559 violencie
1146 1511 1218 1576 per·

92 1612 289 1688 penatores,
308 1610 402 1688 prout
419 1602 570 1688 superius
591 1609 666 1670 sunt
683 1619 851 1684 expressa,
870 1606 902 1664 et
919 1601 1146 1684 possessiones
1164 1620 1220 1667 co-

92 1732 164 1778 rum
181 1711 371 1793 uniuersas,
398 1709 617 1777 hereditarias
644 1714 676 1772 et
692 1709 758 1774 alio
775 1727 905 1791 quoquo
926 1707 1023 1774 modo
1040 1707 1170 1776 habitas
1187 1717 1220 1775 et

92 1837 275 1903 possessas,
294 1818 406 1883 tamin
423 1826 510 1883 terra
530 1815 692 1898 Zurchulr,
712 1833 809 1898 quam
826 1815 912 1880 alias
929 1816 1121 1900 existentes,
1139 1817 1218 1882 dua·

91 1931 155 1996 bus
171 1927 321 2012 partibus
332 1925 492 1990 inmanus
504 1931 634 1992 nostras
654 1930 810 2004 tanquam
826 1921 958 2006 judicis,
975 1922 1009 1987 in
1026 1921 1218 1991 terciauero

91 2034 239 2118 partein
265 2052 381 2099 manus
407 2032 536 2098 domine
552 2029 679 2116 Regiae
701 2030 806 2114 partia
822 2031 954 2096 actricis
979 2037 1012 2096 et
1027 2031 1218 2098 eneretricis

89 2141 189 2207 huius
201 2159 298 2208 cause
309 2159 368 2207 sen
384 2141 514 2225 negocii
531 2137 771 2220 deuoluendas;
783 2135 966 2222 predictam
983 2133 1104 2204 terram
1114 2139 1217 2220 Regi·

90 2249 201 2314 nalem
212 2249 277 2332 ipsi
287 2248 416 2315 domine
427 2247 551 2331 Regina
562 2255 819 2327 tanquamsuum
829 2245 880 2310 ius
891 2245 1220 2330 Arkybanazurchuk

90 2362 243 2422 uocatam
260 2358 471 2422 restituentes
488 2355 586 2437 pleno
603 2355 683 2420 iure.
700 2354 743 2418 Et
760 2351 869 2420 omnia
880 2353 1055 2437 priuilegia
1067 2373 1125 2422 seu
1136 2355 1220 2421 litte-

91 2483 146 2530 ras
156 2511 164 2545 ,
192 2481 255 2546 que
272 2465 324 2530 uel
351 2481 432 2545 quas
450 2461 548 2527 iidem
565 2461 666 2538 Zoda,
685 2465 768 2527 Bors
786 2467 818 2528 et
835 2459 1004 2546 Nicolaus,
1022 2482 1062 2529 ac
1087 2463 1218 2548 cognati

91 2570 278 2636 eorumdem
296 2569 548 2638 chur-ohukin
565 2569 653 2636 facto
670 2568 760 2635 dicte
777 2572 864 2634 terre
880 2568 1050 2654 Reginalis
1062 2570 1218 2638 habuisse

90 2677 314 2762 dinoscuntur,
327 2679 518 2762 reliquimus
533 2679 602 2744 fore
620 2685 773 2745 cassatas
784 2685 816 2742 ct
827 2677 955 2759 inanes,
973 2677 1069 2744 itaut
1084 2679 1217 2747 ubicun-

91 2805 165 2868 que,
182 2786 445 2869 quandocunque
471 2793 503 2852 et
518 2805 576 2870 per
601 2803 814 2868 quoscunque
831 2792 945 2850 contra
971 2785 1134 2852 dominam
1155 2787 1217 2852 Re-

89 2895 201 2976 ginam
217 2893 271 2957 uel
283 2893 482 2978 jobagiones
507 2911 585 2958 suos
602 2892 748 2958 exhibite
763 2891 904 2976 fuerint,
932 2891 1003 2956 sine
1020 2892 1144 2960 uiribus
1160 2893 1216 2960 ha-

90 3002 238 3068 beantur.
255 2999 328 3064 Hiis
346 3003 456 3082 itaque
472 3000 614 3086 peractis
641 3007 683 3068 ad
699 3001 856 3068 maiorem
874 3009 905 3063 et
920 2998 1105 3066 uberiorem
1121 3000 1217 3068 huius

88 3109 219 3192 negocii
229 3109 390 3176 cautelam
410 3111 644 3193 possessiones
655 3111 877 3194 predictorum
894 3109 994 3190 Zoda,
1012 3109 1095 3174 Bors
1112 3117 1145 3176 et
1160 3109 1217 3177 Ni·

88 3216 186 3300 colai,
204 3237 286 3300 quas
303 3217 427 3282 babent
442 3221 477 3284 in
494 3218 665 3298 Zurohuk,
691 3237 747 3302 per
764 3217 854 3285 uiros
870 3217 1000 3284 nobiles
1017 3223 1050 3284 et
1065 3203 1230 3304 ydoneos

86 3325 227 3392 fecimus
241 3326 397 3409 estimari,
409 3343 471 3408 que
483 3345 556 3392 cum
572 3326 640 3391 suis
657 3326 864 3411 utilitatibus,
881 3325 1036 3393 uidelicet
1055 3326 1160 3408 siluis,
1171 3326 1215 3394 fe·

87 3435 187 3516 netis,
204 3433 309 3501 uineis
327 3443 359 3499 et
380 3434 456 3502 aliis
483 3442 635 3518 presente
661 3432 826 3500 testimnio
843 3433 987 3517 capituli
1014 3431 1216 3521 Weaprimy·

88 3545 180 3610 ensis
197 3561 256 3626 pro
272 3543 492 3627 quadraginta
503 3545 622 3608 marcis
645 3542 742 3607 simul
760 3560 830 3606 cum
849 3547 962 3609 nostra
978 3541 1134 3626 porcione
1149 3543 1217 3612 fue·

85 3656 164 3719 runt
181 3649 345 3730 estimata,
356 3649 592 3733 quamquidem
609 3651 797 3734 porcionem
813 3657 970 3732 nostram,
988 3650 1114 3718 scilieet
1131 3652 1215 3718 duas

87 3764 201 3844 partes
219 3759 464 3845 possessionum
492 3761 681 3828 earumdem
698 3760 773 3846 ipsa
788 3759 920 3828 domina
939 3761 1067 3846 Regina
1084 3781 1105 3827 a
1120 3761 1216 3828 nobis

85 3866 229 3933 redemit
246 3867 336 3932 iuxta
356 3866 493 3934 formam
511 3868 735 3936 estimacionis
761 3868 936 3952 prehabito
963 3867 1056 3935 nobis
1073 3869 1116 3935 ad
1140 3869 1214 3953 ple·

83 3992 163 4041 unm
180 3974 408 4057 persoluendo.
426 3973 521 4040 Vnde
537 3995 596 4042 nos
614 3975 842 4060 possessiones
868 3975 1030 4043 dictorum
1054 3975 1212 4042 nobilium

83 4085 120 4150 in
137 4087 208 4148 toto
226 4101 299 4150 cum
315 4083 381 4150 suis
399 4083 595 4150 utilitatibus
622 4091 655 4149 et
670 4084 882 4167 pertinenciis
898 4083 1069 4166 uniuersis,
1090 4089 1122 4147 et
1137 4103 1210 4168 spe·

85 4191 216 4258 cialiter
232 4211 303 4258 cnm
321 4191 524 4260 dimidietate
549 4193 695 4260 Ecclesie
721 4195 754 4257 in
770 4190 929 4260 honorem
946 4192 1062 4260 Sancti
1084 4190 1210 4258 Thome

84 4297 241 4384 martyris
270 4304 460 4365 constructa
487 4299 520 4367 in
546 4300 656 4367 medio
678 4299 788 4366 totalis
813 4300 1032 4383 possessionis
1057 4298 1209 4368 Zurohuk

86 4406 273 4490 existentis,
291 4414 325 4474 et
335 4406 517 4490 predictam
533 4412 654 4476 terram
670 4407 865 4492 Reginalem
882 4407 1209 4493 Arkybanazurchulr

85 4519 307 4597 nuncupatam
333 4533 392 4598 per
413 4514 545 4580 eosdem
571 4515 802 4600 potencialiter
827 4515 993 4582 detentam
1019 4515 1210 4598 reliquimus
1235 4587 1236 4591 ,

84 4623 150 4707 ipsi
166 4621 301 4691 domine
313 4622 440 4707 Regino
452 4628 609 4707 perpetuo
626 4621 854 4710 possidendas,
865 4623 1028 4692 tenendas
1039 4627 1074 4690 et
1088 4621 1209 4690 haben·
