3188 5238
576 321 717 426 ..Q

99 525 288 607 occupatam
304 520 494 602 detinerent,
518 520 553 586 in
568 518 713 604 ipsorum
730 516 947 603 prejudicium
964 521 996 581 et
1011 529 1201 598 gravamen.

96 628 122 692 Ε
138 646 294 695 conuerso
313 647 389 694 vero
408 626 494 694 idem
514 627 719 695 Andronicus
745 625 933 709 Propositus
949 643 1009 709 pro
1034 640 1070 688 se
1094 625 1128 686 et
1143 617 1203 686 Oa

91 733 190 818 pitulo
207 734 455 820 Wesprimiessi
471 737 661 822 respondit,
679 734 766 818 quod
782 735 857 820 ipsa
874 740 962 800 terra
979 731 1200 817 contenciosa,

90 861 185 925 quam
201 843 281 909 dicti
297 844 411 928 populi
428 844 470 909 ab
488 844 602 911 eodem
619 845 784 912 Michaele
800 845 911 930 precio
929 841 1202 927 comparauerint,

90 971 150 1015 non
165 951 283 1016 fnisset
299 949 500 1018 hereditaria
517 960 606 1019 terra
622 954 725 1037 ipsius
755 952 949 1033 Michaelis,
975 949 1033 1017 sed
1051 950 1092 1017 de
1109 949 1203 1014 terris

90 1057 300 1141 Reginalibus
329 1058 370 1126 de
397 1066 486 1126 terra
510 1063 616 1127 Bercn
632 1066 746 1126 secata
773 1079 833 1144 per
853 1060 992 1144 populos
1011 1059 1051 1124 de
1077 1058 1204 1141 eadem,

90 1167 265 1250 empcionis
282 1167 377 1234 titulo
395 1166 438 1232 ad
463 1169 570 1254 ipsum
586 1167 779 1234 Michaelcm
805 1167 962 1240 extiterat
989 1168 1152 1247 devoluta,
1171 1171 1205 1230 et

90 1273 135 1340 sic
151 1274 252 1357 ijdem
268 1275 384 1359 populi
410 1293 469 1342 scu
493 1274 727 1360 condicionarij
752 1275 959 1359 postmodum
987 1274 1124 1341 eandem
1142 1261 1204 1338 ter·

89 1402 155 1449 ram
182 1391 330 1450 emerunt
356 1383 399 1448 ab
416 1383 550 1464 eodem,
579 1384 663 1449 sicut
687 1382 721 1448 id
747 1392 780 1450 et
804 1384 839 1449 in
861 1383 1037 1468 privilegio
1063 1381 1203 1466 Capituli

90 1491 262 1579 Albensis,
288 1511 385 1580 snper
405 1491 572 1577 empcione
598 1492 746 1576 ejusdem
769 1498 854 1558 terre
878 1511 936 1576 per
955 1494 1046 1577 ipsos
1066 1491 1203 1579 populos

91 1620 146 1668 seu
162 1600 407 1668 condicionales
432 1601 603 1685 injudicio
628 1600 724 1666 nobis
749 1600 897 1666 exhibito
920 1601 1048 1684 plenius
1063 1599 1204 1667 vidimus

90 1709 257 1776 contineri.
274 1711 392 1775 Verum
411 1709 489 1791 quia
504 1709 654 1792 predicta
670 1717 758 1776 terra
779 1707 950 1791 Reginalis
970 1708 1031 1776 luit
1050 1714 1203 1792 spectans

89 1815 128 1881 ud
144 1819 283 1884 eandem
301 1819 542 1900 possessionem
568 1820 696 1900 Beren,
722 1837 784 1902 qne
799 1816 956 1884 videlicet
978 1817 1148 1903 possessio
1166 1837 1202 1880 ex

88 1926 273 1993 collacione
291 1927 422 1992 domine
440 1926 621 2005 Elisabeth,
639 1927 804 2010 quondam
820 1925 944 2010 Regina
964 1924 1131 2010 Hungarie
1148 1944 1205 2009 per

87 2035 226 2100 eundem
244 2033 436 2117 Magistrum
463 2034 682 2102 Andronicum
708 2035 934 2120 Propositum,
962 2040 994 2099 et
1019 2031 1204 2116 Capitulum

87 2141 342 2228 Wesprimiense
358 2142 557 2227 possidetur,
575 2164 640 2209 non
657 2149 767 2210 autem
783 2143 906 2228 populi,
924 2161 982 2209 seu
999 2141 1202 2208 condiciona-

86 2253 123 2338 rij
141 2251 274 2318 domine
290 2252 414 2335 Regino
430 2251 595 2318 vendendi
618 2271 676 2319 seu
693 2252 864 2320 alienandi
880 2253 987 2338 ipsam
1011 2258 1132 2316 terram
1148 2250 1204 2316 ha-

86 2362 227 2427 buerunt
243 2360 444 2440 facultatem,
462 2380 611 2428 unacum
628 2360 810 2430 Beronibus
821 2361 945 2428 domini
961 2361 1074 2447 Regis,
1093 2367 1124 2426 ct
1141 2356 1204 2426 Nc·

88 2470 205 2535 bilibus
222 2469 329 2553 Regni
357 2469 524 2536 nobiscnm
551 2469 725 2556 injudicio
752 2468 996 2548 assidentibus,
1024 2471 1079 2550 qni
1105 2465 1207 2553 ljdem

86 2578 196 2663 populi
220 2597 278 2644 seu
295 2578 526 2663 condicionarij
554 2577 651 2646 modo
679 2579 853 2667 prehabito
878 2577 912 2644 in
938 2579 1006 2646 suis
1031 2579 1208 2661 questioni

86 2688 147 2754 bus
175 2706 238 2770 per
253 2689 361 2754 omnia
378 2685 590 2772 defecerunt,
619 2687 865 2754 sentencialiter
886 2685 1112 2769 decernendo,
1136 2707 1207 2773 pre-

87 2795 208 2863 dictam
227 2802 349 2862 terram
365 2815 438 2861 cum
457 2793 654 2862 utilitatibus
677 2795 746 2862 suis
763 2795 952 2880 reliquimus
978 2803 1011 2863 et
1036 2796 1209 2862 statuimus

88 2901 289 2968 authoritate
302 2901 478 2987 judiciaria
504 2904 626 2972 eisdem
643 2905 831 2972 Andronico
847 2907 1039 2992 Proposito,
1066 2911 1098 2972 et
1114 2905 1206 2990 Gapi-

89 3012 156 3078 tulo
174 3011 427 3096 Wesprimicnsi
451 3019 611 3100 perpetuo
628 3012 884 3099 possidendam,
911 3014 1089 3081 tenendum
1108 3017 1139 3077 et
1154 3013 1210 3078 ha·

87 3121 245 3188 bendam.
262 3121 381 3185 Datum
399 3119 489 3188 Bude
506 3129 600 3186 sexte
617 3124 670 3189 die
688 3121 781 3188 Beati
798 3123 916 3190 Jacobi
934 3122 1104 3206 Apostoli,
1122 3141 1208 3186 anno

86 3229 220 3296 Domini
236 3227 413 3294 millesimo
430 3229 657 3296 ducentesimo
673 3230 884 3316 nonagesimo
901 3237 1025 3314 quarto.

174 3423 240 3495 (III.
254 3424 351 3480 Endrc
364 3423 461 3496 kirdly
477 3427 588 3482 meu-ki
602 3423 866 3500 megertsltosdbdl,
880 3423 967 3482 alabb
981 3426 1024 3482 73.
1037 3443 1077 3480 su.
1090 3424 1128 3495 a.)

520 3743 778 3754 -—---·--——--
