3262 5242
426 1173 487 1242 IV.
499 1175 711 1264 Mittoepopa
722 1204 792 1252 osa.
809 1184 944 1250 Fercocz
960 1185 1062 1250 reodd
1069 1188 1244 1254 szlaoouici
1254 1183 1557 1272 tortomdoyfdndk·

427 1283 485 1347 cels
509 1286 702 1373 roepbcpyja,
719 1287 798 1379 kopp
813 1291 864 1358 ket
879 1303 1037 1359 sacrament
1052 1294 1344 1382 tritisquisitorokdl
1369 1294 1554 1363 Boazaidbo

862 1399 1003 1487 kttldj'o'rr.
1028 1403 1125 1466 1291.

533 1591 689 1660 Nicolsos
706 1595 891 1681 Episcopus
916 1615 1029 1664 seruus
1056 1617 1227 1666 seruorum
1247 1598 1311 1666 Dei
1339 1599 1471 1666 dilecto
1497 1598 1558 1667 filio

429 1745 462 1764 ..
480 1749 487 1766 .
503 1700 654 1768 Ministro
681 1701 812 1796 Ordinis
830 1707 989 1774 Minorem
1007 1706 1174 1777 Prorintie
1203 1709 1385 1776 Sclavenie
1414 1711 1558 1776 salutem

428 1811 460 1870 et
474 1808 697 1891 Apostolioam
713 1812 986 1881 benedictionem.
1003 1816 1064 1882 Pre
1082 1816 1210 1884 cunctis
1227 1823 1342 1886 nostre
1359 1819 1491 1884 mentis
1510 1817 1559 1882 de·

428 1910 660 2011 siderabilibus
678 1915 847 1986 Catholioe
874 1923 1107 1992 incrementum
1126 1925 1204 1992 fidei
1221 1919 1438 2008 affectantes,
1458 1924 1556 1992 nimio

426 2019 536 2102 utique
552 2021 663 2092 dolere
680 2029 860 2112 replemur,
887 2052 959 2112 cum
984 2034 1134 2123 audimus
1159 2036 1291 2116 aliquos
1319 2037 1374 2102 vel
1393 2036 1557 2100 sentimus

427 2127 471 2194 ad
486 2129 573 2195 illius
591 2133 837 2218 depressionem
856 2141 1075 2224 qualicunque
1086 2143 1295 2228 malignitate
1312 2149 1490 2228 satagere,
1508 2143 1558 2210 vel

427 2235 693 2321 dampnabilibus
710 2244 816 2326 ipsam
842 2247 1055 2332 depravando
1081 2251 1394 2336 reprehensionibus
1425 2261 1488 2318 aut
1506 2253 1558 2318 de-

426 2344 644 2414 tractionibus
662 2349 692 2413 ei
720 2351 933 2437 abrogalibus
951 2341 1160 2442 derogando,
1188 2379 1246 2426 seu
1262 2363 1468 2429 commentis
1487 2381 1560 2426 eau-

428 2451 502 2518 dem
519 2455 724 2525 mordacibus
735 2461 964 2547 pervertendo,
982 2468 1171 2548 adquorum
1183 2469 1296 2552 iniqua
1309 2467 1560 2538 consternenda

427 2560 591 2627 molimina
608 2582 646 2630 eo
663 2567 843 2634 animosius
861 2572 1055 2658 aspiramus,
1074 2595 1139 2658 quo
1156 2580 1190 2645 in
1205 2581 1392 2646 animarum
1410 2587 1559 2662 stragem

427 2670 641 2753 pernitiosius
658 2690 715 2740 eos
733 2679 944 2761 agnoscimus
969 2683 1169 2768 conspirare.
1189 2686 1289 2770 Sane,
1312 2689 1405 2756 siout
1422 2686 1558 2772 accepi-

395 2831 397 2835 ,
427 2797 509 2862 mus,
526 2779 559 2844 iu
575 2780 765 2869 Principatu
780 2785 918 2869 Bosnie,
946 2789 1115 2858 carissimo
1142 2796 1176 2861 in
1193 2794 1326 2862 Christo
1352 2798 1425 2864 filio
1443 2804 1558 2864 nostro

426 2889 459 2954 S.
477 2887 559 2971 Regi
576 2889 689 2955 Servio
705 2891 828 2958 illustri
844 2894 1001 2980 subiecto,
1028 2900 1111 2968 adeo
1129 2903 1336 2974 infidelitatis
1353 2927 1452 2975 error
1469 2908 1560 2974 inva-

427 2995 496 3078 luit,
514 2997 601 3078 quod
618 2996 664 3063 ibi
680 3018 779 3080 quam
795 3001 926 3085 plurimi
954 3024 975 3068 a
991 3004 1045 3074 via
1065 3009 1216 3086 veritatis
1242 3033 1382 3098 prorsus
1410 3015 1560 3098 adversi,

429 3109 544 3170 euntes
561 3124 620 3189 per
637 3105 736 3172 devia
760 3107 935 3192 falsitatis,
960 3116 1135 3196 pestiferas
1152 3118 1196 3183 ad
1222 3124 1486 3191 concutiendum
1513 3143 1560 3188 or·

427 3209 572 3278 thodoxc
588 3232 714 3278 murum
730 3213 808 3279 fidei
833 3217 1004 3286 machinas
1029 3232 1231 3310 construant,
1247 3230 1428 3299 molientes
1447 3233 1560 3316 ipsum

427 3321 596 3390 fallacium
613 3322 932 3408 argumentationum
948 3328 1140 3414 impulsibus
1153 3334 1318 3404 demoliri.
1336 3343 1469 3408 Verum
1485 3343 1561 3408 licet

427 3428 565 3495 ubilibet
580 3429 678 3494 Sedis
703 3431 893 3512 Apostolice
919 3433 1092 3520 diligentia
1119 3449 1234 3508 contra
1258 3445 1377 3514 talium
1405 3451 1560 3517 dolosam

426 3537 589 3617 astutiam,
607 3557 649 3601 ue
664 3536 811 3602 diffusius
828 3539 1013 3609 huiusmodi
1030 3555 1142 3633 serpat
1158 3552 1303 3634 morbus,
1315 3557 1510 3625 remedium
1526 3558 1561 3624 li·

426 3644 543 3710 benter
568 3643 724 3712 adhibeat
749 3653 960 3733 oportunum,
988 3659 1156 3722 tamenin
1181 3659 1377 3741 Principatu
1406 3669 1561 3749 predicto

427 3753 600 3838 cupientes
616 3753 724 3829 anxie,
742 3761 777 3818 ut
793 3758 961 3840 negotium
986 3758 1062 3828 fidei
1078 3765 1146 3849 iugi
1168 3771 1319 3852 profectu
1329 3823 1339 3857 ,
1368 3775 1469 3842 elisis
1497 3799 1562 3845 orn·

427 3861 505 3925 uino
524 3857 723 3940 quibuslibet
740 3865 921 3948 erroribus,
949 3867 1064 3936 fortius
1091 3873 1295 3964 invalescat,
1324 3883 1507 3952 studemus
1524 3887 1562 3954 ad

425 3969 489 4033 hoc
504 3985 563 4049 per
579 3987 641 4034 nos
660 3975 693 4034 et
709 3969 794 4036 alios
819 3976 975 4040 attentius
995 3978 1143 4062 vigilare.
1170 3984 1385 4056 Providimus
1403 3992 1513 4078 igitur
1530 3997 1562 4060 iu

426 4073 577 4158 predicto
612 4077 799 4161 Principatu
827 4081 872 4145 ad
896 4100 1031 4164 prosena
1056 4107 1219 4172 personas
1256 4099 1391 4180 aliquas
1420 4103 1562 4170 circum·

425 4187 559 4265 spectas
575 4202 634 4269 pro
652 4189 743 4250 tauto
760 4189 888 4272 negotio
905 4187 1073 4276 deputare,
1098 4217 1236 4278 quarum
1253 4205 1404 4276 honesta
1422 4231 1561 4281 conver-

425 4291 512 4356 satio
529 4294 714 4376 exemplum
730 4293 853 4362 tribuat
867 4299 1041 4383 puritatis,
1069 4309 1101 4367 et
1117 4305 1304 4392 doctrinam
1322 4316 1475 4386 fundant
1493 4342 1561 4389 eru·

424 4395 497 4463 dita
512 4397 603 4463 labia
618 4401 806 4484 salutarem,
823 4410 859 4469 ut
875 4424 967 4471 sacro
978 4407 1123 4491 ipsarum
1134 4415 1318 4487 ministerio
1336 4425 1560 4514 Principatus

423 4503 591 4589 predictus
608 4506 649 4573 ab
666 4507 852 4575 huiusmodi
869 4515 1032 4598 contagiis
1049 4532 1256 4606 expurgetur.
1276 4527 1402 4600 Verum
1415 4539 1499 4620 quia
1516 4541 1556 4606 de

421 4608 595 4696 prudentie
612 4621 666 4680 tue
693 4615 853 4684 industria
876 4617 1000 4688 {irmam
1017 4622 1050 4690 in
1065 4624 1207 4698 Domino
1233 4633 1394 4709 fiduciam
1423 4648 1552 4718 obtine·
