3166 5238
371 1169 430 1235 III.
449 1167 556 1234 Eodra
570 1168 678 1256 kircily
689 1166 826 1254 saeptos
841 1167 1021 1257 helyoe'yaelr
1032 1169 1338 1256 Pozsonyodrosrali
1353 1175 1476 1257 eyyesr'r'-

754 1274 827 1341 le‘sit
841 1276 971 1342 roudelr'.
996 1279 1092 1342 1297.

472 1477 540 1542 Nos
566 1473 718 1542 Andreas
735 1473 797 1541 Dei
823 1473 937 1558 grauia
953 1473 1022 1540 iiox
1049 1475 1193 1559 Vngarie
1220 1476 1375 1542 momoria
1401 1494 1480 1540 oom-

367 1583 557 1650 monduntus
583 1582 805 1667 signifioamur
834 1581 951 1664 quibus
983 1581 1116 1668 expedit
1141 1589 1256 1650 tenore
1280 1584 1500 1670 presentium

367 1691 538 1773 vnioersis,
557 1692 643 1774 quod
659 1690 736 1772 quia
753 1707 811 1757 nos
822 1707 920 1776 super
936 1689 1197 1775 amplifioaoiono
1211 1689 1356 1758 ciuitatis
1373 1701 1481 1759 nostre

367 1799 577 1869 Posoniensis
594 1798 684 1864 etde
701 1797 934 1864 melioracione
950 1799 999 1864 sui
1016 1805 1123 1864 status
1140 1804 1209 1864 toto
1221 1817 1320 1882 possa
1338 1800 1483 1865 volumus

367 1909 550 1993 inuigilare,
568 1907 652 1973 hano
668 1906 851 1990 hospitibus
867 1906 990 1972 nostris
1006 1907 1040 1972 in
1058 1905 1190 1972 ciuitate
1206 1906 1404 1973 Posoniensi
1421 1907 1483 1972 exi-

368 2015 528 2085 stentibus
545 2015 587 2082 do
598 2014 823 2082 munifioenoia
839 2014 946 2099 Regia
962 2015 1106 2098 graciam
1119 2013 1272 2080 duximus
1288 2015 1484 2093 faciendam,

368 2135 403 2192 ui
420 2124 532 2210 populi
549 2123 591 2188 do
607 2121 688 2190 villa
698 2122 842 2205 Zoaplok
852 2123 1040 2204 existentes,
1059 2142 1095 2187 so
1112 2123 1144 2188 in
1158 2122 1325 2187 ciuitatem
1342 2131 1485 2187 nostram

369 2234 603 2301 Posonionsom
619 2229 800 2296 transferre
818 2231 964 2298 debeant
989 2251 1091 2299 eausa
1109 2231 1354 2312 commorandi,
1382 2231 1485 2296 illast

370 2338 486 2408 uadem
502 2339 654 2407 libertate
680 2335 866 2424 gaudeant,
893 2359 957 2420 qua
972 2339 1032 2404 aiii
1048 2339 1138 2406 uiues
1165 2339 1269 2404 nostri
1287 2339 1330 2404 do
1348 2336 1486 2404 Posonio

370 2449 586 2536 gratulantur,
605 2451 637 2510 et
652 2444 762 2510 omnia
778 2442 909 2510 sdifioia
925 2447 1085 2513 diotorum
1100 2446 1292 2530 populorum
1313 2453 1381 2511 tam
1398 2449 1431 2512 in
1446 2449 1490 2513 la·

370 2557 509 2645 niuibus,
527 2573 622 2640 quam
639 2554 674 2620 in
690 2553 767 2640 alijs
783 2559 970 2623 oonstruota
986 2575 1045 2640 pro
1069 2553 1253 2622 municione
1271 2554 1419 2622 ciuitatis
1435 2577 1487 2622 no-

370 2673 437 2733 stre
452 2665 616 2733 antodioto
633 2662 784 2729 duximus
801 2663 1003 2748 deputanda.
1029 2662 1122 2728 Vnde
1139 2660 1300 2745 volumus,
1318 2662 1405 2745 quod
1422 2665 1488 2729 nul·
1574 2689 1575 2714 ÷

370 2776 420 2841 lus
436 2775 523 2843 uiuos
548 2778 678 2840 nostros
695 2771 736 2836 ds
752 2772 893 2839 Posonio
911 2771 1081 2839 occasione
1104 2767 1245 2856 prodisti
1275 2767 1354 2838 facti
1372 2770 1490 2838 audeat

370 2885 422 2950 vai
441 2887 610 2964 prasumat
637 2880 822 2946 molestare.
848 2881 968 2945 Datum
985 2881 1116 2966 Posonij
1135 2880 1167 2943 in
1196 2878 1341 2946 crastino
1358 2881 1488 2946 Annun-

371 2989 531 3058 oiaoionis
547 2989 692 3073 Virginis
704 2986 864 3071 Gloriosa,
883 3008 968 3054 anno
980 2989 1111 3054 Domini
1127 2987 1176 3052 M⁰
1188 2985 1261 3055 00⁰
1279 2987 1489 3070 nonagesimo

371 3099 522 3185 septimo.

611 3291 761 3362 (Ersdstis
772 3290 905 3362 Pozsony
918 3288 1004 3348 varos
1017 3287 1240 3359 levtlttrtban.)

796 3593 1022 3602 —u—-n—-.-...
1043 3597 1061 3604 ...
