3214 5238
817 337 977 442 Q-

337 533 1460 624 existentibus3etaliJ‘sdiscretisethonestisvirisGanonicisEccle·

337 646 386 714 sie
401 652 512 713 nostre
522 643 556 712 iu
570 644 719 712 Ecclesia
729 647 830 712 Beate
840 644 986 730 Virginis
998 646 1069 710 Deo
1080 641 1197 710 deuote
1213 641 1460 709 famulantibus.

442 843 550 910 Jopyret.
564 839 711 912 Kbeepett
720 837 771 896 let
783 838 889 912 helyen
901 839 1007 910 lyukea
1025 835 1219 908 bb'rlrbrtybra
1241 836 1314 894 irott
1326 841 1462 893 metauett

335 928 422 1000 lavel,
435 931 572 1000 melyuek
585 927 645 986 alrll
658 928 809 1001 folhajtott
818 928 980 986 hasadbkai
989 933 1075 986 vitriis
1089 926 1120 984 cs
1133 927 1201 984 sold
1212 928 1329 984 sodrott
1341 928 1461 996 selyem-

335 1023 379 1077 rbl
391 1019 480 1096 tuggo
494 1019 611 1094 possete
625 1019 743 1078 monorrl
754 1019 785 1078 es
799 1038 834 1078 aa
847 1022 883 1077 itt
895 1019 1010 1077 kiadott
1021 1019 1172 1078 laea-ivel
1190 1037 1335 1094 ugyanaa.
1355 1017 1382 1073 A
1394 1016 1464 1073 kel-

335 1111 384 1168 ror
397 1109 601 1170 revelarem:
621 1110 683 1167 au.
698 1111 740 1168 re.
762 1098 846 1181 arcy.

857 1835 932 1902 165.

337 2028 529 2118 Apoeseqat'
548 2030 704 2117 topicae
729 2033 832 2118 ‹itirjc
857 2030 968 2096 Meis-ia
983 2028 1197 2116 kirdlyaeaalr
1222 2049 1304 2094 ozon
1329 2031 1348 2092 1
1352 2029 1465 2094 ars-li

333 2137 592 2226 pricilept'aandt,
617 2138 762 2228 melylyel
784 2139 924 2205 Wcrlleza
948 2141 1042 2204 caros
1057 2137 1282 2225 azabadao‘paa't
1308 2139 1464 2224 mechatu-

788 2258 886 2314 νοτία.
911 2247 1009 2312 1300.

444 2446 515 2512 Nos
532 2443 720 2532 Capitulum
744 2445 893 2516 Ecclesia
908 2447 1007 2513 Beati
1023 2444 1114 2514 Petri
1140 2445 1183 2512 de
1198 2445 1348 2531 Possega
1365 2443 1464 2511 omni·
1588 2541 1589 2556 χ

337 2555 398 2622 bus
414 2551 535 2620 Obristi
551 2550 703 2622 fidelibus
720 2561 891 2639 presentes
907 2553 1037 2624 litteras
1053 2554 1251 2637 inspecturis
1269 2553 1415 2620 salutern
1431 2551 1464 2616 in
1588 2591 1589 2656 ἐ

337 2658 494 2743 largitore
520 2662 647 2730 salutis.
672 2662 724 2729 Ad
740 2661 968 2730 universorum
984 2660 1142 2729 noticiam
1168 2660 1283 2729 barum
1303 2661 1393 2728 serie
1409 2681 1463 2728 vo·

337 2767 442 2837 lumus
458 2770 643 2856 pervenire,
661 2771 853 2852 quodcirca
871 2779 904 2837 et
919 2769 1067 2854 hospites
1084 2769 1127 2838 de
1144 2767 1330 2836 Wercucbe
1348 2770 1394 2836 ad
1408 2787 1462 2836 no-

337 2883 440 2944 stram
457 2878 677 2964 personaliter
692 2877 890 2946 accedentes
906 2879 1112 2965 presenciam
1134 2876 1352 2946 exbibuerunt
1369 2877 1463 2946 nobis

337 2983 464 3053 litteras
486 2991 640 3069 patentes
657 2985 875 3054 Serenissime
890 2987 993 3054 blarie
1010 2988 1135 3072 Regina
1152 2988 1212 3054 sub
1238 2986 1398 3069 pendenti
1423 2983 1463 3051 si-

339 3093 418 3178 gillo
436 3105 628 3174 emanatas,
655 3101 808 3180 petentes
834 3113 895 3162 nos
912 3113 986 3162 oum
1001 3095 1185 3179 instancia,
1212 3101 1247 3160 ut
1261 3103 1394 3162 tenores
1411 3113 1463 3160 ea·
1588 3113 1589 3118 ¹

338 3200 475 3269 rundem
491 3200 698 3288 presentibus
721 3202 917 3271 transscribi
933 3209 967 3270 et
982 3209 1095 3270 nostro
1121 3201 1293 3288 privilegio
1309 3200 1464 3286 dignare·
1588 3253 1589 3298 3

338 3329 409 3376 mur
424 3307 626 3377 confirmare.
644 3309 793 3389 Quarum
808 3317 902 3378 tenor
921 3311 1000 3378 talis
1018 3318 1093 3380 est:

423 3417 619 3592 όΜειτίιι)Ι).
636 3436 683 3500 gr.
707 3416 835 3504 Regina
850 3418 1023 3505 Hungarie
1042 3419 1105 3488 stb.
1131 3433 1160 3506 (l.
1172 3431 1416 3506 Okmtnytlrunk
1428 3433 1463 3488 Π.

338 3522 421 3579 kotet
440 3528 452 3577 t
464 3522 528 3578 202.
541 3521 560 3576 l.
1104 3523 1105 3526 ’

445 3615 514 3682 Nos
530 3614 630 3697 igitur
647 3615 750 3683 dictas
777 3615 906 3685 litteras
923 3617 957 3684 in
974 3617 1136 3684 omui'sui
1153 3623 1247 3704 parte
1265 3621 1360 3705 juste
1378 3639 1464 3686 erna-

338 3730 435 3793 natas
451 3723 680 3809 inspicientes,
697 3722 980 3810 peticionibusque
996 3723 1200 3811 prefatorum
1217 3727 1339 3794 civium
1357 3735 1392 3794 et
1408 3730 1464 3796 ho·

337 3835 457 3920 spitum
474 3831 515 3899 de
531 3832 710 3901 Wereuohc
726 3834 884 3921 legitimis
909 3823 1109 3922 annuentes,
1136 3843 1267 3904 tenores
1287 3838 1464 3906 earundem

339 3943 381 4008 de
399 3944 499 4010 verbo
526 3941 571 4008 ad
596 3943 730 4010 verbum
755 3943 962 4028 presentibus
986 3944 1088 4012 inseri
1109 3943 1266 4031 fecimus,
1290 3953 1328 4012 et
1354 3953 1463 4016 nostro

338 4051 512 4137 privilegio
522 4050 672 4122 duximus
683 4051 934 4121 confirmandas.
946 4053 985 4120 In
995 4051 1086 4120 cuius
1096 4051 1144 4120 rei
1153 4055 1377 4146 testimonium
1395 4075 1464 4142 pre·

340 4166 451 4228 sentes
469 4160 693 4227 concessimus
709 4160 847 4244 litteras,
863 4162 966 4244 sigilli
975 4163 1079 4229 nostri
1088 4165 1266 4231 munimine
1280 4165 1462 4232 roboratas.

303 4331 308 4338 .
339 4268 462 4336 Datum
478 4269 512 4334 in
532 4267 618 4335 festo
634 4269 848 4336 Ascensionis
872 4269 1015 4356 Domini,
1040 4291 1126 4339 anno
1146 4274 1279 4340 Domini
1299 4272 1461 4342 M⁰ccot

662 4464 772 4538 (Koppi
785 4462 929 4522 heriratai
942 4464 1020 4522 ulan.
1041 4464 1139 4537 Osecb.)
