3196 5232
841 377 997 480 jop—

363 573 500 658 gistrum
516 572 715 641 Clementem
739 579 772 638 et
788 593 865 640 suos
883 579 1042 657 cognatos
1058 573 1092 640 iu
1109 572 1250 657 pacifica
1266 572 1470 658 possessione

363 680 450 748 dicte
465 691 550 749 terre
576 681 812 763 perpetualiter
834 687 1062 767 conseruaret,
1090 687 1204 751 contra
1228 686 1356 764 patrem
1384 699 1470 746 suum

363 795 462 871 atque
477 790 597 855 fratres
607 838 616 872 ,
642 789 768 855 vicinos
778 838 787 872 ,
814 795 989 857 extraneos
1009 811 1066 858 sev
1082 798 1261 876 cognatos,
1288 788 1320 854 in
1338 787 1471 874 propriis

362 895 515 983 expensis
539 902 572 963 et
586 895 765 978 laboribus,
794 915 890 978 quam
917 905 1036 963 terram
1062 897 1106 965 ad
1133 899 1317 981 porcionem
1344 915 1472 964 snsma
1582 939 1583 948 η

362 1013 456 1090 patre
473 1023 533 1072 suo
551 1012 584 1071 et
599 1025 619 1069 a
635 1005 791 1072 iratribus
808 1005 876 1072 suis
893 1004 976 1071 dixit
991 1005 1056 1073 sibi
1066 1004 1252 1073 deuenisse.
1264 1007 1305 1070 iit
1321 1013 1356 1072 vt
1372 1011 1470 1070 tractu

362 1115 515 1198 temporis
541 1112 600 1180 bec
625 1114 752 1198 empoio
768 1132 826 1182 sor
849 1112 1000 1180 vendicio
1018 1135 1084 1181 nou
1100 1115 1208 1200 possit
1221 1115 1352 1198 irritari,
1367 1115 1427 1182 sed
1441 1121 1472 1178 ut

361 1221 465 1309 magis
481 1223 579 1289 robur
604 1223 755 1306 optineat
780 1231 939 1308 perpetue
966 1221 1140 1308 firmitatis,
1157 1224 1203 1290 ad
1223 1224 1430 1307 instanciam,
1444 1229 1474 1288 et
1582 1241 1583 1310 ζ

361 1331 557 1416 peticionem
582 1330 813 1414 predictorum,
839 1338 1009 1414 presentes
1027 1332 1248 1398 concessimus
1265 1332 1393 1397 litteras
1410 1350 1472 1397 mu·

361 1439 483 1505 uimine
507 1441 608 1505 nostri
634 1438 736 1518 sigilli
762 1438 946 1504 roboratas.
970 1438 1091 1505 Datum
1116 1441 1273 1526 magistro
1305 1438 1472 1524 Myobaele
1582 1427 1583 1436 ἦ

362 1545 545 1630 Preposito,
562 1545 723 1628 Gregorio
740 1545 891 1630 Castore,
909 1547 1010 1612 Paulo
1037 1546 1184 1614 Custode
1200 1546 1350 1614 Ecclesie
1367 1555 1473 1624 nostre

361 1655 584 1740 existentibus,
601 1674 687 1720 enno
703 1653 834 1722 Domini
850 1656 908 1720 M⁰.
929 1654 1007 1722 00⁰.
1024 1659 1235 1739 nonagesimo
1250 1659 1371 1740 quinto.

575 1868 715 1938 (Teutsob
729 1867 760 1924 es
772 1870 933 1927 Firuhaber
945 1871 983 1927 id.
996 1889 1031 1924 m.
1052 1871 1072 1928 1.
1086 1872 1145 1926 kot.
1159 1869 1262 1942 1921.)

955 2179 1050 2187 -.—

884 2753 942 2820 8³.

359 2973 553 3058 Apoesorrye'
567 2972 722 3060 inoptatae
741 2971 930 3058 onnepttpes
955 2971 1102 3056 okmdrsyt
1118 2969 1162 3036 od
1179 2971 1214 3035 ke·
1239 2993 1318 3036 azoro
1334 2972 1473 3039 baratro

357 3103 412 3168 pos
428 3059 634 3167 oppressori,
659 3079 768 3166 nnetyet
793 3079 919 3166 Be'kciey
943 3079 1099 3166 belpeepre
1124 3081 1216 3142 otene
1240 3080 1333 3166 Zyloo
1357 3081 1474 3168 ΙΛιοΙια,

359 3187 489 3274 Cbopnd
505 3189 634 3275 metro,
659 3185 748 3273 Byke
764 3186 872 3250 Locha
896 3190 927 3250 es
943 3185 1036 3251 Felsb'
1050 3185 1158 3250 Locha
1173 3187 1346 3253 birtolcosas'
1354 3213 1400 3274 ,·s
1419 3189 1475 3254 To

357 3301 425 3360 roris
440 3299 471 3360 e's
486 3296 588 3362 Jonos
604 3297 698 3360 Peter·
705 3295 771 3379 flon‘
780 3346 789 3382 ,
810 3297 841 3358 es
856 3295 956 3358 Lotor
974 3293 1090 3360 Tameia
1099 3295 1150 3380 fia
1159 3346 1168 3380 ,
1200 3292 1298 3360 Veros
1313 3269 1476 3362 Abrohom

481 3404 620 3489 Pozsony
637 3406 798 3488 *curmepye
813 3402 982 3491 alrbpdrryo
998 3403 1228 3470 abinionensi.
1246 3406 1345 3472 1295.

750 3638 789 3704 Δ,
897 3637 935 3704 B.
1041 3636 1080 3706 0.

464 3837 534 3904 Nos
550 3833 736 3921 Capitulum
760 3834 909 3902 Ecclesie
925 3833 1134 3903 Posonieuois
1160 3833 1386 3919 significamus
1403 3835 1472 3905 vni-

358 3945 486 4029 uersis,
512 3943 629 4026 quibus
646 3941 779 4029 expedit
796 3963 854 4028 per
879 3951 1070 4029 presentes,
1087 3943 1177 4028 quod
1194 3944 1386 4012 constitutis
1401 3967 1472 4031 per-

359 4054 517 4120 sonaliter
532 4070 642 4116 coram
668 4049 760 4115 uobis
776 4050 906 4138 Husvyt
922 4050 989 4116 filio
1004 4051 1144 4130 Mokov,
1161 4051 1254 4119 Gurk
1271 4051 1374 4139 tratre
1391 4055 1476 4120 eius-

357 4157 440 4241 dem,
458 4160 585 4228 Tboma
600 4156 665 4223 filio
678 4156 786 4224 Oceob
803 4165 835 4222 et
851 4156 983 4222 Holdan
1000 4156 1042 4222 de
1057 4157 1156 4244 Zylos
1169 4159 1302 4246 Luchs,
1320 4163 1399 4229 item
1416 4163 1475 4230 Go-

357 4265 434 4333 mite
450 4265 567 4348 Teber,
585 4264 711 4332 Jacobo
728 4263 794 4329 filio
810 4260 968 4349 eiusdem,
985 4263 1134 4332 Jobanue
1148 4266 1215 4333 filio
1226 4266 1392 4353 Gregorij,
1411 4273 1476 4337 Au·

358 4377 440 4443 drea
456 4374 522 4440 filio
539 4371 689 4458 Obugud,
707 4370 823 4454 Egidio
840 4371 906 4438 filio
922 4372 1042 4439 (temer
1058 4380 1091 4439 et
1106 4374 1257 4442 Endreus
1274 4376 1317 4442 de
1334 4377 1476 4464 otingun

356 4482 488 4568 Luobe;
504 4482 582 4546 item
597 4481 702 4565 Byke,
721 4478 816 4545 Maris
832 4486 865 4547 et
880 4480 1031 4548 Jobanue
1050 4479 1116 4547 filio
1129 4481 1229 4568 Byke
1240 4481 1283 4550 de
1299 4485 1397 4571 Byke
1413 4487 1475 4551 Lu-

357 4591 436 4677 cbe3
459 4593 537 4656 item
557 4590 653 4656 Petro
670 4589 772 4653 fratre
789 4587 893 4673 Ynus,
910 4589 1027 4673 Egidio
1047 4589 1110 4656 orio
1125 4590 1301 4676 Jobauuis,
1325 4595 1477 4663 Fabiano

358 4697 399 4764 de
416 4696 583 4782 Superiori
607 4695 716 4762 Locbe
742 4715 783 4762 ex
799 4713 863 4763 uus
878 4702 992 4782 parte5
1018 4693 1143 4765 Thomu
1168 4705 1201 4766 et
1220 4699 1376 4766 Jobanue
1392 4700 1476 4786 filijs

1519 4625 1523 4631 .
