3262 5242
683 386 704 452 5

617 481 773 492 --—-·-—-=

140 585 347 661 habentibus,
364 601 478 648 munus
494 559 748 650 conseerationis
768 582 950 668 impendas,
968 592 1255 672 recepturuspost·

143 694 272 760 modum
289 691 331 756 ab
349 692 464 758 eodem
489 698 603 758 nostro
620 699 651 754 et
668 690 817 782 Eoulesie
842 692 987 761 Romane
1013 694 1141 760 nomine
1157 694 1255 762 fideli-

135 802 213 870 tatis
228 800 324 868 solite
335 801 549 867 iuramentum
568 799 627 866 sub
644 799 759 880 forma,
779 817 877 883 quam
896 800 954 868 tibi
967 802 1026 868 sub
1042 801 1254 872 bullanostra

135 909 308 996 dirigimus
324 911 497 992 inolusam‚
514 907 641 990 sibique
657 908 762 976 facias
779 929 838 993 per
857 916 908 992 te,
928 911 980 977 vel
997 911 1178 996 paralium,
1196 931 1254 982 seu

133 1019 218 1084 alios
235 1039 256 1085 a
271 1019 338 1084 suis
355 1017 495 1085 subditis
512 1015 654 1086 debitam
681 1016 906 1086 obedientiam
922 1027 962 1085 et·
969 1022 1185 1088 reverentiam
1202 1040 1254 1088 ex·

132 1123 249 1194 hiberi.
267 1125 532 1194 Contradiotores
550 1131 610 1191 eto.
627 1123 747 1191 Forma
765 1147 844 1192 vero
860 1125 1053 1208 iuramenti,
1076 1129 1165 1210 quod
1180 1129 1253 1214 ipse

132 1235 313 1323 prestabit,
339 1233 434 1302 nobis
450 1253 509 1318 per
524 1239 598 1302 tuas
615 1239 647 1298 et
664 1231 905 1318 eiusbatentes
929 1236 1056 1304 litteras
1072 1255 1130 1304 suo
1146 1237 1253 1325 sigillo

133 1346 283 1433 signatas
299 1360 359 1425 per
376 1341 542 1426 proprium
568 1340 714 1408 nuntium
731 1342 925 1424 quantotius
950 1343 1116 1412 destinare
1138 1365 1253 1431 prouu-

132 1472 199 1521 res.
222 1453 296 1518 Non
313 1450 486 1530 obstante,
511 1449 541 1514 si
556 1449 722 1532 aliquibus
738 1469 758 1514 a
775 1449 863 1516 Sede
880 1450 1075 1535 Apostolioa
1090 1454 1134 1520 sit
1148 1453 1253 1522 indul·

131 1570 209 1644 tum,
235 1559 321 1642 quod
336 1555 504 1644 interdici,
531 1557 704 1644 suspendi,
730 1559 784 1624 vel
801 1561 1077 1626 excommunicari
1099 1582 1163 1630 non
1179 1583 1252 1648 pos·

131 1670 199 1738 sint
215 1687 276 1754 per
291 1667 419 1733 litteras
436 1664 523 1732 diete
540 1665 636 1733 Sedis
652 1687 718 1732 non
734 1665 897 1734 fatientes
922 1668 1055 1750 plenam
1073 1674 1105 1734 et
1122 1690 1253 1757 expres·

132 1797 214 1860 sam,
232 1797 272 1844 ae
287 1776 326 1840 de
352 1775 452 1843 verbo
478 1773 520 1843 ad
545 1775 678 1841 verbum
699 1772 740 1841 de
756 1772 882 1842 indulto
907 1773 1093 1842 huiusmodi
1116 1781 1252 1848 mentio·

131 1908 220 1955 nem.
238 1887 361 1956 Datum
378 1886 467 1970 apud
482 1884 766 1954 Urbem-Veterem
792 1883 948 1952 kalendis
973 1883 1110 1966 Augusti
1130 1881 1253 1970 (Ponti-

135 1995 253 2066 fieatus
269 1990 388 2079 nostri)
405 2013 491 2060 anno
507 1994 613 2059 tertio.

241 2121 360 2191 Forma
375 2121 572 2189 iuramenti:
596 2122 667 2208 Ego
684 2169 691 2186 .
710 2169 717 2184 .
736 2173 744 2188 .
761 2123 803 2188 ab
821 2121 885 2187 han
909 2119 997 2190 hora·
1011 2121 1144 2191 inantea
1165 2121 1251 2190 fide-

129 2233 170 2299 lis
196 2237 231 2296 et
263 2230 420 2298 obediens
439 2251 494 2297 ero
519 2231 623 2296 Beato
649 2230 745 2295 Petro
763 2230 961 2313 Sancteque
976 2229 1166 2314 Apostolioe
1190 2231 1252 2300 Ro·

131 2359 231 2408 mane
247 2338 403 2422 lloolesie,
422 2344 455 2406 et
471 2335 601 2405 domino
612 2357 684 2406 meo
696 2339 784 2422 Pape
800 2336 956 2422 Nioolao,
975 2339 1108 2422 suisque
1124 2355 1251 2410 sneoes·

131 2448 262 2516 sonibus
280 2449 438 2516 canonice
463 2447 660 2515 intrantibus
677 2451 738 2515 eto.
755 2445 840 2514 utin
857 2445 966 2515 forma
991 2467 1094 2532 usque
1116 2451 1252 2537 Aposto-

128 2558 235 2625 lorum
252 2556 365 2626 limina
380 2555 520 2642 singulis
535 2555 676 2622 bienniis
693 2555 837 2624 visitabo
857 2559 916 2621 ele.
933 2556 1085 2638 usquein
1100 2557 1207 2630 finem.

131 2775 192 2849 (IV.
206 2774 315 2831 Miklds
328 2772 405 2847 papa
418 2773 614 2848 Regestdibdl,
628 2773 765 2840 Thamar,
785 2773 895 2830 Vetera
907 2774 1094 2832 Monumenla
1107 2774 1253 2833 Historiae

235 2867 415 2938 Hungariam
430 2867 547 2925 Sauram
559 2865 736 2924 illustrantia
746 2865 770 2921 1.
782 2865 844 2920 lut.
856 2863 949 2922 Roma
963 2865 1041 2922 1859.
1054 2864 1116 2924 366.
1128 2865 1159 2938 l.)
