3214 5238
834 292 997 405 „Q-

1597 97 1605 464 τ

356 508 389 570 et
404 494 658 570 contradicendo
670 499 872 582 protestatus
897 497 949 560 est
964 503 1111 576 eousque
1141 485 1259 570 eciam,
1277 483 1384 551 donec
1400 481 1491 552 uiffe-
1603 509 1605 552 r

354 609 466 677 rencia
480 607 541 676 hec
558 624 668 674 coram
695 600 877 672 venerabili
893 599 927 666 in
943 598 1073 668 christo
1098 599 1195 683 patre
1211 600 1246 662 et
1269 593 1405 660 domino
1431 597 1489 664 Jo·

355 718 474 802 hauns,
491 713 555 782 Dei
571 719 604 779 ct
620 709 810 797 Apostolice
835 703 931 774 Sedis
955 703 1072 792 gracia
1088 701 1352 787 Archiepiscopo
1369 699 1488 766 Eccle-

354 825 403 894 sie
419 819 623 900 (tolonensis,
648 825 681 886 et
697 817 799 904 Regio
816 813 1013 884 Serenitatis
1030 811 1253 896 Cancellarii‚
1268 808 1416 892 aliisque
1432 805 1489 875 do·
1603 809 1605 872 t

355 931 452 1000 minis
469 928 610 998 Prolatis
624 925 736 996 revisa
752 931 785 992 et
801 923 913 993 decisa
939 921 1048 989 luerit.
1069 923 1194 992 Harum
1219 923 1413 987 nostrarum
1441 915 1488 982 ui-

358 1057 437 1125 gore
454 1043 488 1106 st
503 1034 691 1106 testimonio
716 1032 899 1100 litterarum
923 1027 1100 1099 mediante.
1125 1027 1248 1097 Datum
1264 1025 1352 1091 teria
1368 1031 1492 1108 quarta
1604 1109 1605 1112 Ἴ

357 1145 508 1232 proxitna
534 1149 609 1229 post
632 1142 750 1210 testum
767 1139 863 1208 Beati
890 1137 1063 1206 Michaelis
1088 1135 1300 1222 Archangeli,
1319 1153 1411 1200 anno
1428 1133 1492 1198 ΒΟ.

352 1253 438 1321 ‘mini
453 1251 627 1321 millesimo
643 1249 882 1320 trecentesimo.
899 1242 1339 1316 Prosentsuenerablliriro
1358 1239 1492 1307 domino

357 1359 524 1446 Stephano
541 1357 782 1426 Archidiaoono
803 1354 959 1424 Alheusis
978 1351 1139 1422 licclesie.

591 1567 728 1640 (Teutsoh
741 1567 771 1625 ds
784 1563 956 1635 Firnhaber,
971 1565 1009 1621 id.
1022 1583 1060 1621 m.
1073 1564 1094 1621 1.
1108 1562 1137 1618 lr.
1149 1563 1212 1618 221.
1226 1561 1258 1627 1.)

743 2369 751 2380 .
884 2424 960 2492 idi.

364 2637 411 2705 Aa
436 2639 556 2726 orddlye'
576 2637 700 2724 propola
725 2662 746 2702 a
768 2639 982 2704 mriromororo'
1006 2636 1126 2702 tizedcle
1158 2635 1339 2724 tdrpya'ban
1363 2660 1404 2702 aa
1427 2637 1493 2723 cyri
1604 2597 1605 2658 3

516 2748 643 2833 pitrpdk
659 2747 738 2812 allon
753 2769 774 2810 u
789 2748 894 2811 rdrnai
908 2745 1033 2812 eadithae
1045 2741 1201 2830 folchbez.
1219 2747 1318 2809 1300.

481 2945 550 3012 Nos
575 2943 676 3010 frater
703 2943 893 3029 Stephanus
926 2941 1061 3010 Ordinis
1086 2940 1225 3008 fratrum
1250 2942 1494 3012 Heremitarum

362 3051 474 3123 Sancti
498 3051 673 3138 Augustini
700 3049 861 3122 dedomo
888 3049 1026 3117 Albensi
1052 3049 1316 3138 Transsiluanie‚
1336 3057 1370 3116 et
1396 3049 1493 3117 irater

362 3160 518 3228 Salomon
534 3161 662 3242 Lector,
678 3163 832 3243 totusque
849 3158 1040 3225 Conuentus
1063 3157 1129 3224 loci
1155 3159 1304 3226 eiusdem
1329 3159 1493 3246 presenti·
1604 3139 1605 3204 ἓ

362 3268 424 3334 hus
442 3265 559 3351 quihus
574 3265 945 3358 expeditsignificumus
961 3267 1136 3353 uniuersis,
1152 3266 1243 3350 qnod
1253 3267 1492 3355 magistery·

363 3374 476 3440 uolnus
502 3374 759 3442 Archidiaconus
785 3373 828 3440 de
845 3374 980 3460 ZonuA,
1007 3373 1192 3441 Canonicus
1219 3373 1370 3442 Ecclesie
1395 3376 1492 3442 Beati
1604 3359 1605 3366 ἵ

362 3481 546 3568 Mychaelis
573 3481 776 3566 Archangeli
804 3461 1057 3564 Transiluanie‚
1081 3481 1239 3550 Notarius
1266 3483 1395 3550 domiui
1418 3483 1493 3567 Epi-

364 3589 457 3674 scopi
472 3587 693 3676 Trnnsiluani,
710 3591 743 3656 in
755 3589 814 3656 'die
828 3589 1086 3676 Epiphaniurum
1102 3589 1238 3659 -Domini
1254 3609 1369 3658 corum
1386 3591 1490 3675 nohis,

363 3695 496 3766 nomine
513 3697 655 3782 predicti
680 3695 803 3764 domini
819 3697 870 3764 sui
887 3696 1063 3781 quamdam
1080 3697 1162 3782 legit
1189 3705 1315 3766 cartam
1342 3699 1490 3784 appella-

233 3899 235 3904 Ι
363 3805 474 3891 tionis,
490 3805 576 3874 huno
592 3810 740 3872 tenorem
757 3805 988 3874 continentem.

470 3931 629 4000 Dominus
654 3931 807 4000 Andreas
828 3932 983 4000 'Ecclesia
1000 3930 1174 4018 Agriensis
1195 3934 1405 4020 Episcopus,
1430 3935 1491 4002 etsi

365 4059 479 4110 saeros
497 4059 641 4108 canones
657 4059 723 4107 non
739 4041 888 4126 ignoret,
914 4058 1083 4110 sacrorum
1099 4047 1209 4110 tamen
1229 4059 1392 4111 canonum
1411 4042 1493 4109 scita

362 4169 429 4218 non
444 4149 630 4234 aduertens,
655 4149 705 4218 ius
721 4147 885 4218 decimale
899 4156 931 4217 et
947 4147 1217 4220 iurisdiceionem
1234 4149 1445 4235 spiritualem
1458 4149 1489 4217 in

362 4255 579 4342 Marmarisio,
596 4273 659 4340 que
670 4263 721 4326 est
736 4255 876 4339 quedam
887 4257 1052 4343 particula
1065 4257 1230 4344 Dyoeesis
1242 4256 1488 4344 Transsilranc,
1557 4268 1560 4286 ¹

363 4361 420 4428 uhi
436 4363 549 4432 eadem
568 4364 715 4433 iuratam
731 4365 806 4452 lege
816 4366 1027 4452 Dyooesnna,
1045 4385 1148 4449 qnam
1164 4366 1240 4449 lege
1250 4364 1488 4434 iurisdiceionis

364 4469 408 4536 ad
425 4469 611 4540 Ecclesium
625 4471 895 4541 Transsilunnam
913 4472 1085 4559 pertinere
1103 4481 1300 4558 noscuntur,
1327 4495 1350 4542 a
1365 4474 1489 4544 domino

364 4579 461 4664 Rege
472 4576 536 4644 sibi
552 4577 624 4648 dari
639 4586 672 4648 et
686 4579 721 4644 in
738 4599 883 4667 persona
897 4599 958 4648 sua
975 4580 1040 4648 lico
1051 4581 1133 4650 lesio
1148 4581 1306 4668 Agriensi
1321 4583 1441 4653 donari
1456 4587 1491 4656 de
