3262 5242
639 266 797 374 ἐξ*

149 461 253 530 bilem
280 465 413 532 fratrem
429 471 585 532 nostrum
612 509 646 531 ..
673 513 681 531 .
708 465 896 534 Firmanum
919 466 1142 557 Episcopum,
1169 473 1276 542 viru-m

148 573 265 655 utiquc
282 573 455 658 providum
472 581 506 641 et
522 574 718 659 discreturus,
742 575 915 644 virtutibus
943 577 1108 662 preditum
1137 587 1170 648 et
1185 582 1275 650 iusti·

147 682 195 748 tic
211 683 398 765 zelatorem,
417 703 488 750 curu
506 683 606 767 plene
622 683 803 770 legationis
820 683 929 752 officio
947 685 1145 772 destinavit,
1171 697 1207 757 ut
1223 691 1275 758 in-

147 789 275 858 directa
291 788 469 876 dirigeret,
496 795 606 858 errata
631 793 814 879 corrigeret
831 799 864 860 et
884 792 1070 861 deformata
1095 795 1274 880 prudenter

146 899 354 983 reformaret,
373 921 413 966 ac
430 899 588 967 evelleret
605 906 638 966 et
654 902 841 998 destrueret
857 900 948 979 vitia,
965 903 1198 988 plantaretque
1215 908 1275 973 vir-

149 1014 249 1089 tutes,
267 1025 306 1072 ac
322 1008 413 1072 iuxta
429 1007 572 1093 gratiam
598 1009 776 1074 aDomino
791 1010 854 1076 sibi
871 1009 983 1076 datam
1009 1008 1199 1082 huiusmodi
1217 1036 1272 1100 pe·

148 1117 263 1183 riculis
280 1114 427 1181 obviaret
444 1139 451 1180 :
470 1135 529 1202 per
546 1116 637 1184 cuius
654 1116 869 1186 ministerium
885 1120 1059 1202 providum
1076 1129 1109 1188 et
1125 1123 1270 1207 pruden-

149 1228 230 1292 tiam
247 1225 515 1311 circumspectam
533 1227 655 1304 multa,
672 1233 768 1313 prout
785 1227 816 1291 iu
833 1229 984 1311 partibus
1007 1229 1073 1298 illis
1090 1251 1155 1297 uon
1170 1233 1271 1300 lrabe-

148 1342 202 1402 tur
215 1335 428 1420 incognitum,
453 1334 498 1402 ad
514 1335 633 1402 bonurn
650 1343 683 1402 et
698 1335 899 1402 laudabilem
915 1343 1037 1404 statum
1053 1358 1272 1424 personarum

148 1444 447 1512 ecclesiasticarum
463 1449 495 1510 et
519 1444 717 1511 secularium
744 1445 821 1511 dicti
845 1446 952 1532 Regni
977 1453 1103 1514 statuta
1132 1454 1165 1514 et
1181 1451 1270 1518 ordi-

146 1561 229 1622 nata
244 1553 382 1636 fuerunt,
401 1553 505 1619 oculis
522 1554 642 1620 Divina
658 1553 844 1622 Maiestatis
856 1562 1005 1640 accepta,
1024 1561 1055 1621 et
1075 1556 1140 1643 ipsi
1156 1561 1271 1642 Regno

145 1685 188 1728 ac
205 1663 276 1728 eius
295 1660 537 1728 habitatoribus
555 1663 736 1728 fructuosa.
762 1661 907 1740 Quorum
935 1664 1048 1746 aliqua
1073 1683 1131 1750 per
1156 1663 1271 1731 iamdi-

147 1777 236 1837 ctum
243 1773 363 1853 Regem
377 1769 539 1853 promissa
551 1766 613 1857 (et)
626 1770 733 1838 iurata
745 1771 874 1837 fuerunt
887 1773 946 1837 sub
958 1773 1159 1857 obligatione
1170 1793 1229 1841 sua
1241 1781 1274 1840 et

145 1881 248 1946 etiam
266 1879 345 1946 dicti
362 1881 467 1964 Regni
484 1905 492 1946 :
511 1880 672 1947 sedidem
697 1882 767 1946 Rex
783 1882 1022 1967 promissione,
1040 1882 1223 1951 iuramento
1239 1889 1272 1952 et

145 1989 350 2074 obligatione
367 1988 551 2055 huiusmodi
577 1988 710 2056 omnino
726 1991 929 2076 contemptis,
956 1989 1107 2076 predicta
1123 2011 1187 2058 non
1204 2011 1270 2060 ser·

144 2098 248 2185 vavit,
265 2097 340 2164 durn
357 2098 492 2183 viverat,
516 2103 601 2166 etse
617 2101 805 2182 recognovit
822 2099 921 2166 etiam
937 2119 1003 2164 nou
1020 2117 1183 2187 servasse,
1208 2101 1268 2170 sic·

132 2213 183 2274 'nt
200 2227 240 2275 ea
257 2227 317 2294 per
334 2214 487 2294 patentes
507 2215 671 2294 apparent
687 2208 831 2292 apertius
851 2211 990 2292 litteras,
1007 2228 1070 2293 que
1086 2207 1119 2273 in
1135 2209 1269 2276 archivo

145 2316 245 2384 Sedis
260 2317 452 2401 apostolice
478 2325 738 2385 conservantur:
756 2314 995 2403 propterquod
1019 2316 1052 2380 iu
1079 2314 1192 2382 eodem
1210 2318 1268 2382 Re-

143 2446 210 2512 gno
228 2427 430 2494 turbationes
447 2425 666 2511 multiplices,
685 2424 908 2494 dissensiones
925 2431 959 2492 et
975 2425 1135 2492 scandala
1152 2427 1270 2511 gravia

143 2537 370 2620 contigerunt,
395 2541 428 2600 et
452 2536 560 2602 adbuc
585 2541 691 2602 status
717 2535 788 2602 eius
804 2533 941 2601 fluctuat
957 2541 990 2601 et
1006 2533 1154 2601 vacillat.
1180 2536 1264 2603 (lum

145 2637 332 2714 autumnos
349 2650 415 2712 taur
432 2644 617 2729 periculoso
633 2645 737 2729 ipsius
754 2643 859 2727 Regni
876 2644 976 2710 statui
993 2661 1080 2710 more
1099 2642 1145 2728 pli
1162 2646 1268 2730 patris

145 2753 384 2840 compatientes
410 2755 451 2820 ab
468 2754 611 2838 intimis,
638 2753 859 2820 venerabilem
882 2754 1018 2820 fratrem
1044 2759 1191 2820 nostrum
1209 2755 1267 2822 Jo-

144 2863 286 2928 hannem
304 2862 436 2930 Rsinum
448 2861 656 2950 Episcopum,
672 2861 777 2930 virum
788 2863 899 2945 utique
910 2861 1084 2948 providum
1101 2867 1134 2928 et
1145 2861 1266 2928 disere·

144 2977 211 3037 tum
229 2971 274 3038 ad
290 2971 452 3057 prefatum
467 2971 614 3054 Regnum
632 2968 834 3038 fiducialiter
845 2971 1067 3038 destinemus:
1083 2976 1117 3036 ut
1135 2971 1178 3037 ad
1194 2989 1268 3055 par·

143 3088 194 3147 tes
211 3080 287 3146 illas
304 3099 340 3146 se
353 3079 574 3166 personaliter
591 3079 785 3163 conferens,
810 3080 851 3146 de
867 3085 955 3146 statu
972 3080 1077 3166 ipsius
1095 3079 1211 3163 Regni,
1228 3098 1268 3144 ac

144 3190 216 3258 eins
234 3181 484 3256 circumstantiis
512 3196 545 3256 ct
561 3187 798 3256 conditionibus
815 3188 996 3274 universis,
1022 3193 1055 3253 et
1072 3187 1214 3270 qualiter
1231 3187 1265 3252 in

143 3298 269 3366 melius
279 3297 378 3382 dirigi
394 3305 425 3364 et
440 3296 610 3366 salubrius
621 3299 733 3364 valeat
748 3296 935 3380 gubernari,
948 3293 1095 3378 fideliter,
1112 3296 1209 3380 plene
1225 3315 1265 3361 ac

142 3409 270 3478 solicite
286 3407 494 3492 informetur,
524 3415 557 3475 et
573 3427 653 3486 nos,
681 3405 797 3488 quibus
813 3406 917 3490 Regni
933 3403 1074 3492 predicti
1093 3411 1205 3489 utpote
1222 3403 1266 3472 ad

136 3500 325 3586 ‘Romanam
351 3515 544 3598 pertinentis
579 3515 763 3582 Ecclesiam
789 3533 867 3580 cura
898 3511 1074 3598 peculiaris
1099 3502 1264 3594 incumbit,

141 3645 203 3713 per
219 3643 291 3690 eum
307 3623 348 3688 de
364 3629 460 3702 statu,
486 3619 726 3688 conditionibus
743 3628 775 3687 et
791 3620 1047 3688 circumstantiis
1064 3619 1263 3706 supradictis

142 3730 313 3802 certificati
338 3730 470 3797 tandem
497 3731 627 3815 plenius
653 3737 686 3796 et
709 3729 859 3799 instructi
871 3780 880 3814 ,
908 3729 996 3798 eirca
1019 3728 1182 3815 prefatum
1199 3730 1259 3794 Re·

141 3861 243 3926 gnum
259 3847 291 3904 et
316 3844 436 3906 statum
461 3839 548 3905 illius
576 3841 740 3925 possimus
759 3839 803 3906 ad
828 3838 959 3906 landem
984 3838 1045 3906 Dei
1073 3843 1104 3902 et
1120 3837 1261 3920 quietem

142 3949 286 4017 fidelium
303 3947 414 4014 utilius
430 3953 464 4013 et
489 3946 652 4016 efficacius
675 3948 856 4034 providere.
882 3947 1041 4030 Quocirca
1066 3943 1261 4014 universita-

141 4066 206 4125 tem
223 4063 366 4126 vcstram
382 4076 535 4142 rogamus
562 4065 595 4124 et
611 4057 776 4124 hortamur
792 4065 938 4144 attente,
955 4055 1183 4123 nichilominus
1201 4076 1260 4124 vo·

139 4168 192 4236 bis
220 4186 278 4253 per
293 4167 483 4252 Apostolica
509 4166 633 4253 scripta
661 4166 867 4248 mandantes,
885 4173 920 4231 ut
942 4162 1136 4232 assistentes
1154 4162 1262 4230 eidam

139 4281 229 4345 cirea
254 4276 418 4363 premissa
444 4274 591 4343 consiliis
618 4279 651 4340 et
676 4273 807 4342 auxiliis
832 4274 1020 4360 oportunis,
1046 4273 1108 4339 stb.
1131 4271 1259 4339 ¹Datum

144 4384 234 4474 apud
250 4384 523 4453 UrbemVeterem
540 4382 614 4451 llIl.
631 4401 736 4452 uanas
751 4384 912 4468 Jannarii,
929 4381 1139 4451 Pontificatus
1156 4379 1262 4448 nostri

141 4515 232 4565 anno
247 4496 351 4560 tertio.

127 4659 132 4670 .
253 4604 291 4670 Iu
308 4622 335 4669 e.
353 4623 395 4670 m.
406 4601 537 4671 dilectis
552 4601 625 4672 liliis
641 4599 815 4670 Nobilibus
831 4601 910 4670 viris
927 4600 1083 4683 Ducibus,
1095 4594 1258 4665 Marchiu·
