3188 5238
621 393 685 462 129

567 489 641 495 -.....
658 489 725 496 ..μα-

98 583 163 672 quis
178 593 231 657 nel
247 590 349 673 aliqui
365 590 407 656 ad
424 591 580 658 Comitem
598 591 715 658 Nicola
731 594 763 656 et
784 589 918 669 fratrom
935 587 1080 653 eiusdem
1101 589 1199 672 perti-

96 706 201 765 nentes
218 697 341 782 atiquid
357 699 545 766 nocumenti
571 701 652 785 ipsis
670 701 795 767 ciuibus
821 707 912 768 extra
934 697 1100 766 ciuitatem
1117 695 1195 761 Gre-

96 827 217 874 censcm
245 809 300 874 uel
324 807 410 875 alias
435 809 637 892 irrogarent,
665 812 737 896 ipss
762 809 878 876 Comes
897 806 1015 875 Nicola
1039 813 1073 873 et
1097 805 1200 871 frater

95 915 235 982 eiusdem
251 915 336 981 infra
353 918 502 1001 spacium
527 917 623 981 unius
642 918 762 985 mensis
783 917 973 982 accedendo
999 912 1042 978 ad
1057 917 1201 979 castrum

94 1025 262 1106 (irecense,
280 1024 475 1092 satisfacere
492 1024 645 1091 damnum
664 1026 716 1090 nel
742 1027 893 1093 iniuriam
911 1041 1011 1109 passo
1036 1020 1201 1088 tenebitur

93 1165 132 1177 -
147 1165 189 1177 —
205 1165 249 1178 -
266 1131 396 1198 nonnisi
413 1152 454 1197 ex
473 1131 732 1199 aduersitatibus
758 1131 964 1200 euidentibus
989 1130 1108 1196 fuerint
1128 1149 1200 1212 pre-

92 1237 197 1324 pediti,
213 1247 247 1304 et
262 1237 349 1304 infra
364 1239 448 1304 idem
463 1248 612 1325 tempus,
637 1243 806 1306 memorati
822 1239 928 1307 Maior
953 1237 1034 1303 uille
1060 1245 1093 1302 et
1109 1235 1199 1301 ciues

91 1347 230 1429 deruis,
247 1347 364 1413 autad
380 1367 436 1414 eos
453 1350 710 1433 pertinentibus,
736 1350 776 1416 dc
794 1349 921 1415 iniuriis
943 1353 976 1412 et
992 1345 1122 1412 damnis
1140 1343 1199 1408 Oc-

91 1454 157 1520 miti
171 1455 291 1522 Nicola
307 1462 340 1521 et
356 1456 451 1522 fratri
467 1457 612 1525 eiusdem
629 1479 669 1525 ac
685 1457 728 1524 ad
744 1477 800 1528 eos
820 1453 1060 1544 pertinentibus
1077 1454 1197 1538 irroga·

89 1564 129 1628 tis
156 1563 422 1631 satisfaccionem
449 1567 638 1651 impendere
664 1567 868 1634 tenebuntur.
896 1563 1044 1632 Tandem
1068 1563 1114 1630 ad
1138 1564 1200 1630 hec

90 1672 296 1747 observanda
311 1681 344 1740 et
358 1675 568 1757 attendenda,
587 1676 819 1744 consensionis
836 1706 1201 1722 -------

88 1780 202 1847 Oomes
219 1782 337 1849 Niccla
352 1791 384 1851 et
399 1785 538 1854 Janiuus
554 1785 653 1868 frater
664 1783 818 1867 eiusdem,
830 1783 863 1848 in
873 1784 983 1866 atiquo
994 1783 1120 1867 horum,
1137 1800 1201 1866 que

88 1899 350 1976 assumpserunt,
367 1900 629 1978 transgressores
640 1916 697 1963 seu
713 1895 892 1961 uiolatores
908 1892 985 1960 fidei
1001 1892 1120 1980 reperti
1136 1890 1201 1955 fue-

87 1996 163 2081 rint,
190 2001 422 2084 possessiones
438 2022 517 2071 suas
542 2004 576 2068 in
593 2005 728 2071 ciuitate
745 2002 924 2082 Greoensi,
941 2002 994 2067 vel
1012 2007 1105 2067 extra
1121 1996 1199 2063 ciui·

87 2113 184 2173 tatem
210 2109 339 2192 ubique·
360 2111 600 2179 existentes-
622 2149 665 2161 -
683 2152 723 2160 -
750 2111 867 2178 Comes
893 2109 1013 2177 Nicola
1036 2141 1081 2154 -—
1098 2142 1139 2154 -
1156 2104 1200 2170 ad

87 2234 199 2282 manus
216 2217 296 2284 ville
322 2219 562 2288 communitatis
589 2221 765 2288 Greccnsis
794 2218 1038 2301 deuclvendss,
1064 2217 1200 2299 insuper

87 2345 203 2408 penam
231 2326 365 2412 periurii
391 2330 464 2415 ipse
488 2335 522 2393 et
536 2329 638 2396 irater
662 2327 732 2397 cius
749 2363 793 2376 —-
811 2364 854 2376 -
870 2366 911 2375 -
930 2332 963 2392 et
979 2323 1130 2392 similiter
1156 2323 1198 2387 ci·

88 2451 142 2500 nes
159 2453 221 2504 seu
244 2437 442 2507 uniuersitas
466 2437 626 2522 predicta,
643 2433 702 2523 (si)
719 2443 891 2521 assumpta
919 2443 952 2501 et
982 2433 1144 2520 promissa
1167 2433 1201 2500 in

90 2541 151 2608 hac
166 2551 263 2627 parte
289 2565 353 2611 non
372 2547 577 2629 attenderet,
596 2543 656 2631 (et)
674 2547 792 2614 Comiti
808 2547 924 2616 Niccle
940 2555 973 2612 et
998 2545 1091 2612 fratri
1116 2541 1201 2608 cius-

89 2649 162 2718 dem
177 2672 245 2718 non
263 2654 456 2723 obseruaret
466 2707 475 2741 ,
492 2664 603 2722 notam
619 2657 754 2742 perjurii
770 2658 913 2722 incurret
929 2657 1001 2739 ipso
1018 2654 1118 2720 facto.
1134 2654 1200 2720 Da-

86 2765 150 2826 tum
169 2760 202 2826 in
219 2763 337 2848 vigilia
351 2766 537 2850 Epiphania
560 2765 693 2834 Domini
718 2786 804 2832 anno
830 2764 975 2832 eiusdem
991 2761 1042 2832 Μο
1057 2760 1127 2828 00⁰
1142 2780 1198 2827 no-

86 2872 257 2954 nagesimo
274 2874 396 2959 quinto.

293 3091 439 3163 (Eredetie
452 3091 564 3168 Zagrdb
576 3111 616 3148 sa.
630 3093 658 3151 k.
673 3092 756 3151 vdros
771 3090 992 3162 leuditardban.)

134 4833 238 4880 trorum
247 4835 328 4879 nuuc.
338 4837 403 4879 msr.
412 4829 515 4879 -mr'u
530 4837 562 4879 ro.
