3166 5238
601 971 672 1040 lot.
755 1065 759 1083 ‚

75 1185 105 1252 Α
111 1191 270 1276 pozsouyc‘
283 1185 439 1276 ledptolcu
454 1187 550 1255 Veros
559 1164 720 1254 riualem
729 1189 882 1278 pozsoupr'
896 1186 1091 1277 alispricacle
1107 1183 1196 1253 leuel·

112 1295 147 1360 bc
156 1295 284 1384 foplalt
299 1298 438 1362 terrestre
453 1301 554 1384 ritirja
570 1322 609 1364 aa
625 1298 716 1364 cleto
725 1302 863 1386 jcpyzctt
877 1297 1048 1364 eadmolrat.
1065 1297 1164 1362 1296.

185 1515 255 1580 Nos
272 1511 456 1599 Capitulum
483 1512 630 1582 Ecclesie
647 1513 858 1582 Pcsoniensis
876 1511 1103 1599 significamus
1126 1512 1197 1580 rni-

79 1619 196 1704 ncrsis,
215 1621 331 1705 quibus
348 1619 501 1706 expedit,
518 1641 576 1706 per
592 1628 779 1708 presentes,
797 1621 883 1706 quod
900 1619 1062 1689 accedens
1079 1621 1123 1690 ad
1140 1643 1197 1688 uo·

78 1737 177 1796 stram
204 1731 412 1816 presenciam
440 1731 562 1798 nobilis
578 1733 628 1798 vir
652 1732 822 1801 Jobannes
849 1731 935 1799 filius
961 1731 1131 1799 Benedicti
1157 1731 1197 1797 de

79 1835 198 1927 Okcly‚
216 1837 310 1906 nobis
335 1839 462 1906 litteras
479 1839 631 1909 Abrahce
649 1837 735 1927 (lgy)
752 1841 830 1908 dicti
846 1837 918 1906 Rufi
935 1839 1078 1906 Ourialis
1094 1839 1198 1906 domi-

77 1946 118 2013 tis
135 1949 347 2016 Pcsoniensis
363 1947 624 2039 exhibuitphunc
641 1956 785 2018 tenorem
804 1949 1008 2018 continentes
1026 1973 1033 2015 :

185 2057 309 2124 Amicis
335 2057 402 2124 suis
427 2058 613 2126 karissimis
638 2059 791 2144 Capitulo
808 2058 1003 2127 Pcsoniensi
1028 2057 1197 2125 Abrabam

79 2159 193 2230 Rullus
220 2163 361 2232 Onrielis
388 2165 504 2232 (lomes
530 2168 740 2236 Pcsoniensis
765 2167 1017 2236 inelinacionem
1043 2185 1113 2233 curn
1143 2164 1198 2230 ho-

80 2291 165 2341 nore.
182 2271 374 2340 Amiciciam
390 2281 532 2344 uestram
550 2275 690 2361 petimus
714 2283 747 2343 et
761 2261 917 2362 rogamus
927 2325 936 2358 ,
962 2278 1125 2357 quatenus
1141 2271 1195 2338 lit·

80 2388 165 2448 teras
182 2389 315 2448 nostras
331 2387 482 2467 patentes
510 2402 607 2468 super
623 2381 833 2468 possessione
850 2383 1014 2469 Sympcrg
1031 2386 1065 2448 et
1089 2381 1196 2448 altera

82 2487 218 2556 Gburlee
234 2497 362 2576 uocata,
378 2489 519 2557 filiorum
530 2489 708 2578 Benedicti,
725 2511 853 2559 necnon
870 2498 903 2556 et
918 2491 1045 2559 litteras
1061 2487 1195 2574 Regias,

81 2615 180 2684 snper.
191 2599 316 2665 eisdem
332 2597 598 2682 possessionibus
619 2605 800 2676 emanatas,
817 2599 936 2668 uestris
952 2597 1132 2684 dignemini
1147 2597 1197 2666 lit-

81 2707 155 2772 teris
171 2707 433 2792 priuilegialibus
460 2708 677 2798 confirmare3
703 2708 794 2776 aliud
816 2707 920 2777 nostri
937 2709 1050 2795 grecia
1067 2727 1132 2775 non
1148 2705 1195 2776 la·

82 2814 168 2880 cturi.
185 2815 306 2884 Datum
322 2815 355 2882 in
372 2816 548 2883 Dominica
560 2817 691 2886 ludica.

184 2925 258 3010 Hijs
275 2925 387 3008 itaque
412 2926 568 3010 perlectis
584 2924 671 2993 idem
686 2926 855 2996 Jobaunes
879 2925 1005 2994 exibuit
1022 2923 1117 2991 nobis
1144 2922 1194 2988 lit·

80 3035 164 3098 teras
180 3032 409 3118 priuilegiales
426 3033 547 3100 domini
564 3034 726 3122 Ladinlay
750 3034 917 3119 quondam
934 3032 1078 3101 illustris
1093 3033 1194 3118 Regis

81 3139 232 3225 ingenie,
249 3159 383 3223 quarum
399 3147 494 3209 tenor
510 3143 589 3210 talis
606 3151 657 3210 est
673 3165 682 3208 ε
1001 3206 1003 3210 .

181 3249 356 3316 [ladislaus
371 3250 434 3316 sib.
460 3255 640 3328 (kbvetkeaik
655 3255 823 3316 IVrLbszld
839 3257 934 3332 kirtly
952 3257 1080 3312 luctui
1096 3256 1194 3314 olrmb·

82 3380 142 3434 uys,
158 3365 234 3437 mely
249 3363 394 3420 cluashatb
410 3364 647 3438 Okminptbrunlr
661 3367 712 3424 IV.
728 3365 883 3422 ktrereben
900 3367 951 3421 39.
968 3363 999 3437 l.)
1247 3341 1251 3355 ⁵

183 3467 469 3550 Perlcctis'itaque
486 3466 603 3535 litteris
619 3467 883 3554 priuilegislibus
907 3468 1082 3551 diligenter
1097 3473 1130 3534 ct
1146 3475 1193 3536 at·

84 3577 175 3659 teute,
193 3575 315 3644 nullam
332 3577 365 3642 in
381 3575 504 3642 eisdem
522 3575 705 3644 inuenimus
721 3573 871 3644 rasuram
887 3579 997 3645 necin
1014 3577 1129 3660 aliqua
1142 3575 1195 3645 sui

83 3691 172 3764 parte
189 3684 355 3751 uiciatam.
380 3682 515 3750 Exibuit
531 3685 633 3752 eciam
649 3685 745 3752 nobis
769 3683 854 3752 idem
870 3684 1042 3753 Jobannes
1059 3691 1090 3752 et
1107 3685 1194 3754 alias

84 3789 205 3864 litteras
222 3798 374 3879 patentes
390 3789 531 3876 predicti
547 3791 698 3862 Abrahcc
715 3791 803 3860 Ruffi
820 3793 961 3862 Ourialis
976 3792 1112 3862 Ocmitis
1132 3793 1193 3861 Poss

84 3901 252 3988 soniensis,
269 3899 380 3986 sigillo
396 3899 499 3984 ipsius
517 3899 691 3985 sigillatas,
708 3900 815 3971 inbec
830 3901 953 3970 uerba:
1036 3956 1048 3972 ι

182 4011 254 4078 NOS
269 4008 434 4076 Abraham
451 4007 564 4074 Ruffus
582 4012 646 4079 sib·
663 4013 746 4087 (mint
760 4016 896 4073 fenntebb
914 4017 964 4072 92.
982 4035 1020 4070 su.
1036 4013 1075 4087 a.)

183 4119 324 4198 Quarum
342 4119 445 4186 eciam
462 4124 607 4186 tenorem
635 4118 811 4204 diligenter
827 4114 1136 4202 circumspicientes,
1161 4123 1194 4186 et
1283 4201 1289 4206 ι
1335 4097 1340 4106 ’

87 4227 202 4297 nullam
217 4229 252 4294 in
269 4227 392 4295 eisdem
408 4225 645 4310 abolicionem,
670 4244 829 4310 rasuram,
845 4226 899 4292 uel
914 4224 1048 4309 aliquod
1072 4224 1192 4294 uicium

88 4338 223 4422 reperire
237 4337 406 4418 ualentes,
431 4331 647 4418 peticionibus
663 4333 767 4419 ipsius
793 4333 865 4400 Rufi
881 4331 1035 4401 Abrabec
1052 4330 1192 4400 curialis

89 4444 216 4514 domitis
232 4443 445 4514 Pcsoniensis
470 4448 668 4525 annuentes,
684 4449 828 4511 tenorem
844 4448 911 4512 tam
936 4443 1070 4526 Regalis
1094 4441 1192 4528 priui-

89 4552 169 4642 legij‚
185 4573 282 4642 quam
299 4555 403 4622 eciam
428 4558 576 4621 tenorem
592 4551 778 4637 potenciam
797 4549 982 4619 litterarum
1005 4551 1109 4639 ipsius
1126 4553 1196 4621 Oo-

90 4662 167 4733 mitis
181 4665 292 4736 Abrae
308 4663 351 4732 de
364 4661 466 4732 uerbo
492 4661 536 4734 ad
551 4665 684 4732 uerbum
696 4663 818 4732 *nostris
842 4661 963 4738 litteris
979 4662 1190 4751 priuilegiuli·
