<?xml version="1.0" encoding="UTF-8"?>
<!DOCTYPE html PUBLIC "-//W3C//DTD XHTML 1.0 Transitional//EN"
    "http://www.w3.org/TR/xhtml1/DTD/xhtml1-transitional.dtd">
<html xmlns="http://www.w3.org/1999/xhtml" xml:lang="en" lang="en">
 <head>
  <title>
</title>
<meta http-equiv="Content-Type" content="text/html;charset=utf-8" />
  <meta name='ocr-system' content='tesseract 3.04.00' />
  <meta name='ocr-capabilities' content='ocr_page ocr_carea ocr_par ocr_line ocrx_word'/>
</head>
<body>
  <div class='ocr_page' id='page_1' title='image "./codexdiplomatic02wenzgoog_0090.png"; bbox 0 0 3188 5238; ppageno 0'>
   <div class='ocr_carea' id='block_1_1' title="bbox 375 1233 1510 1736">
    <p class='ocr_par' dir='ltr' id='par_1_1' title="bbox 375 1233 1510 1736">
     <span class='ocr_line' id='line_1_1' title="bbox 382 1233 1507 1326; baseline 0 -28"><span class='ocrx_word' id='word_1_1' title='bbox 382 1234 502 1318; x_wconf 78' lang='lat' dir='ltr'><strong>Ditrn&#39;le,</strong></span> <span class='ocrx_word' id='word_1_2' title='bbox 519 1235 677 1325; x_wconf 80' lang='lat' dir='ltr'><strong>kupacdri</strong></span> <span class='ocrx_word' id='word_1_3' title='bbox 700 1242 841 1326; x_wconf 73' lang='lat' dir='ltr'><strong>crirnupp</strong></span> <span class='ocrx_word' id='word_1_4' title='bbox 851 1291 859 1324; x_wconf 96' lang='lat'><strong>,</strong></span> <span class='ocrx_word' id='word_1_5' title='bbox 877 1238 991 1326; x_wconf 83' lang='lat' dir='ltr'><strong>jcdentr&#39;</strong></span> <span class='ocrx_word' id='word_1_6' title='bbox 1006 1241 1071 1307; x_wconf 91' lang='grc' dir='ltr'><strong><em>ΙΙΙ.</em></strong></span> <span class='ocrx_word' id='word_1_7' title='bbox 1089 1239 1197 1304; x_wconf 64' lang='lat' dir='ltr'><strong>mcccc</strong></span> <span class='ocrx_word' id='word_1_8' title='bbox 1214 1236 1400 1322; x_wconf 79' lang='lat' dir='ltr'><strong>tcirdlpnak,</strong></span> <span class='ocrx_word' id='word_1_9' title='bbox 1428 1233 1507 1320; x_wconf 78' lang='lat' dir='ltr'><strong>hopy</strong></span> 
     </span>
     <span class='ocr_line' id='line_1_2' title="bbox 375 1341 1507 1433; baseline -0.002 -27"><span class='ocrx_word' id='word_1_10' title='bbox 375 1365 539 1428; x_wconf 79' lang='lat' dir='ltr'><strong>percaeca</strong></span> <span class='ocrx_word' id='word_1_11' title='bbox 563 1346 676 1409; x_wconf 80' lang='lat' dir='ltr'><strong>szcrint</strong></span> <span class='ocrx_word' id='word_1_12' title='bbox 691 1369 711 1411; x_wconf 88' lang='lat' dir='ltr'><strong>a</strong></span> <span class='ocrx_word' id='word_1_13' title='bbox 723 1351 859 1433; x_wconf 77' lang='lat' dir='ltr'><strong>jopoaan</strong></span> <span class='ocrx_word' id='word_1_14' title='bbox 876 1347 1019 1412; x_wconf 82' lang='lat' dir='ltr'><strong>Herbord</strong></span> <span class='ocrx_word' id='word_1_15' title='bbox 1043 1359 1166 1413; x_wconf 83' lang='lat' dir='ltr'><strong>rneetcrt</strong></span> <span class='ocrx_word' id='word_1_16' title='bbox 1182 1345 1271 1412; x_wconf 77' lang='lat' dir='ltr'><strong>tttcrd</strong></span> <span class='ocrx_word' id='word_1_17' title='bbox 1285 1345 1407 1410; x_wconf 74' lang='lat' dir='ltr'><strong>Ilrnr&#39;r&#39;cz</strong></span> <span class='ocrx_word' id='word_1_18' title='bbox 1424 1341 1507 1427; x_wconf 79' lang='lat' dir='ltr'><strong>help-</strong></span> 
     </span>
     <span class='ocr_line' id='line_1_3' title="bbox 380 1449 1509 1543; baseline -0.005 -27"><span class='ocrx_word' id='word_1_19' title='bbox 380 1454 470 1535; x_wconf 83' lang='lat' dir='ltr'><strong>sc&#39;pat,</strong></span> <span class='ocrx_word' id='word_1_20' title='bbox 487 1455 549 1536; x_wconf 75' lang='lat' dir='ltr'><strong>rnip</strong></span> <span class='ocrx_word' id='word_1_21' title='bbox 565 1451 712 1517; x_wconf 80' lang='lat' dir='ltr'><strong>Herbord</strong></span> <span class='ocrx_word' id='word_1_22' title='bbox 728 1457 788 1518; x_wconf 73' lang='lat' dir='ltr'><strong>tea</strong></span> <span class='ocrx_word' id='word_1_23' title='bbox 801 1456 930 1520; x_wconf 80' lang='lat' dir='ltr'><strong>vasodri</strong></span> <span class='ocrx_word' id='word_1_24' title='bbox 939 1454 1093 1543; x_wconf 82' lang='lat' dir='ltr'><strong>kdptoloo</strong></span> <span class='ocrx_word' id='word_1_25' title='bbox 1103 1456 1174 1519; x_wconf 74' lang='lat' dir='ltr'><strong>duze</strong></span> <span class='ocrx_word' id='word_1_26' title='bbox 1189 1454 1273 1518; x_wconf 72' lang='lat' dir='ltr'><strong>itelct</strong></span> <span class='ocrx_word' id='word_1_27' title='bbox 1290 1453 1380 1517; x_wconf 82' lang='lat' dir='ltr'><strong>lenna</strong></span> <span class='ocrx_word' id='word_1_28' title='bbox 1398 1449 1509 1526; x_wconf 71' lang='lat' dir='ltr'><strong>bozon,</strong></span> 
     </span>
     <span class='ocr_line' id='line_1_4' title="bbox 379 1558 1510 1646; baseline -0.001 -24"><span class='ocrx_word' id='word_1_29' title='bbox 379 1558 507 1625; x_wconf 77' lang='lat' dir='ltr'><strong>kczddez</strong></span> <span class='ocrx_word' id='word_1_30' title='bbox 522 1560 638 1623; x_wconf 80' lang='lat' dir='ltr'><strong>adorta</strong></span> <span class='ocrx_word' id='word_1_31' title='bbox 657 1562 759 1640; x_wconf 81' lang='lat' dir='ltr'><strong>cenni,</strong></span> <span class='ocrx_word' id='word_1_32' title='bbox 775 1562 812 1627; x_wconf 79' lang='lat' dir='ltr'><strong>dc</strong></span> <span class='ocrx_word' id='word_1_33' title='bbox 827 1563 930 1628; x_wconf 76' lang='lat' dir='ltr'><strong>Jdnos</strong></span> <span class='ocrx_word' id='word_1_34' title='bbox 945 1573 1053 1628; x_wconf 79' lang='lat' dir='ltr'><strong>mester</strong></span> <span class='ocrx_word' id='word_1_35' title='bbox 1069 1565 1100 1628; x_wconf 78' lang='lat' dir='ltr'><strong>ds</strong></span> <span class='ocrx_word' id='word_1_36' title='bbox 1116 1579 1137 1626; x_wconf 84' lang='lat' dir='ltr'><strong>a</strong></span> <span class='ocrx_word' id='word_1_37' title='bbox 1153 1572 1285 1626; x_wconf 82' lang='lat' dir='ltr'><strong>ncoezett</strong></span> <span class='ocrx_word' id='word_1_38' title='bbox 1295 1563 1433 1646; x_wconf 78' lang='lat' dir='ltr'><strong>prc‘post</strong></span> <span class='ocrx_word' id='word_1_39' title='bbox 1459 1563 1510 1621; x_wconf 75' lang='lat' dir='ltr'><strong>nat</strong></span> 
     </span>
     <span class='ocr_line' id='line_1_5' title="bbox 594 1667 1271 1736; baseline 0.004 -5"><span class='ocrx_word' id='word_1_40' title='bbox 594 1667 830 1734; x_wconf 78' lang='lat' dir='ltr'><strong>detortoztatndu</strong></span> <span class='ocrx_word' id='word_1_41' title='bbox 846 1671 881 1734; x_wconf 79' lang='lat' dir='ltr'><strong>lcr‘</strong></span> <span class='ocrx_word' id='word_1_42' title='bbox 894 1693 964 1736; x_wconf 84' lang='lat' dir='ltr'><strong>nem</strong></span> <span class='ocrx_word' id='word_1_43' title='bbox 981 1679 1145 1736; x_wconf 82' lang='lat' dir='ltr'><strong>creeztette.</strong></span> <span class='ocrx_word' id='word_1_44' title='bbox 1172 1671 1271 1734; x_wconf 81' lang='lat'><em>1291.</em></span> 
     </span>
    </p>
   </div>
   <div class='ocr_carea' id='block_1_2' title="bbox 310 1863 1511 3669">
    <p class='ocr_par' dir='ltr' id='par_1_2' title="bbox 310 1863 1511 3565">
     <span class='ocr_line' id='line_1_6' title="bbox 488 1863 1511 1951; baseline -0.005 -19"><span class='ocrx_word' id='word_1_45' title='bbox 488 1866 771 1933; x_wconf 78' lang='lat' dir='ltr'><strong>Excellentissimo</strong></span> <span class='ocrx_word' id='word_1_46' title='bbox 796 1865 924 1934; x_wconf 90' lang='lat' dir='ltr'><strong>domino</strong></span> <span class='ocrx_word' id='word_1_47' title='bbox 942 1885 1011 1951; x_wconf 91' lang='lat' dir='ltr'><strong>suo,</strong></span> <span class='ocrx_word' id='word_1_48' title='bbox 1027 1867 1159 1935; x_wconf 85' lang='lat' dir='ltr'><strong>Andree</strong></span> <span class='ocrx_word' id='word_1_49' title='bbox 1176 1866 1228 1933; x_wconf 86' lang='lat' dir='ltr'><strong>dei</strong></span> <span class='ocrx_word' id='word_1_50' title='bbox 1247 1865 1367 1948; x_wconf 86' lang='lat' dir='ltr'><strong>gracia</strong></span> <span class='ocrx_word' id='word_1_51' title='bbox 1384 1863 1511 1932; x_wconf 84' lang='lat' dir='ltr'><strong>illustri</strong></span> 
     </span>
     <span class='ocr_line' id='line_1_7' title="bbox 382 1972 1511 2060; baseline -0.004 -21"><span class='ocrx_word' id='word_1_52' title='bbox 382 1973 467 2060; x_wconf 80' lang='lat' dir='ltr'><strong>Regi</strong></span> <span class='ocrx_word' id='word_1_53' title='bbox 483 1974 662 2058; x_wconf 87' lang='lat' dir='ltr'><strong>Hungarie,</strong></span> <span class='ocrx_word' id='word_1_54' title='bbox 679 1973 795 2041; x_wconf 84' lang='lat' dir='ltr'><strong>Comes</strong></span> <span class='ocrx_word' id='word_1_55' title='bbox 809 1973 962 2060; x_wconf 86' lang='lat' dir='ltr'><strong>Dytricus</strong></span> <span class='ocrx_word' id='word_1_56' title='bbox 978 1975 1178 2042; x_wconf 88' lang='lat' dir='ltr'><strong>castellanus</strong></span> <span class='ocrx_word' id='word_1_57' title='bbox 1195 1975 1237 2040; x_wconf 90' lang='lat' dir='ltr'><strong>de</strong></span> <span class='ocrx_word' id='word_1_58' title='bbox 1252 1975 1351 2057; x_wconf 87' lang='lat' dir='ltr'><strong>Kopu</strong></span> <span class='ocrx_word' id='word_1_59' title='bbox 1369 1972 1511 2038; x_wconf 84' lang='lat' dir='ltr'><strong>inclina·</strong></span> 
     </span>
     <span class='ocr_line' id='line_1_8' title="bbox 382 2079 1510 2172; baseline -0.004 -24"><span class='ocrx_word' id='word_1_60' title='bbox 382 2082 509 2148; x_wconf 88' lang='lat' dir='ltr'><strong>cionem</strong></span> <span class='ocrx_word' id='word_1_61' title='bbox 526 2101 597 2148; x_wconf 91' lang='lat' dir='ltr'><strong>eum</strong></span> <span class='ocrx_word' id='word_1_62' title='bbox 622 2079 811 2149; x_wconf 87' lang='lat' dir='ltr'><strong>fidelissimo</strong></span> <span class='ocrx_word' id='word_1_63' title='bbox 836 2082 1005 2148; x_wconf 87' lang='lat' dir='ltr'><strong>famulatu.</strong></span> <span class='ocrx_word' id='word_1_64' title='bbox 1022 2081 1178 2172; x_wconf 85' lang='lat' dir='ltr'><strong>Receptis</strong></span> <span class='ocrx_word' id='word_1_65' title='bbox 1194 2081 1314 2148; x_wconf 89' lang='lat' dir='ltr'><strong>litteris</strong></span> <span class='ocrx_word' id='word_1_66' title='bbox 1337 2079 1510 2148; x_wconf 86' lang='lat' dir='ltr'><strong>Serenita-</strong></span> 
     </span>
     <span class='ocr_line' id='line_1_9' title="bbox 381 2187 1509 2289; baseline -0.004 -35"><span class='ocrx_word' id='word_1_67' title='bbox 381 2189 422 2256; x_wconf 88' lang='lat' dir='ltr'><strong>tis</strong></span> <span class='ocrx_word' id='word_1_68' title='bbox 441 2195 549 2256; x_wconf 89' lang='lat' dir='ltr'><strong>uestre</strong></span> <span class='ocrx_word' id='word_1_69' title='bbox 566 2189 754 2289; x_wconf 82' lang='lat' dir='ltr'><strong>mandatum</strong></span> <span class='ocrx_word' id='word_1_70' title='bbox 771 2194 909 2255; x_wconf 90' lang='lat' dir='ltr'><strong>vestrum</strong></span> <span class='ocrx_word' id='word_1_71' title='bbox 923 2190 1058 2272; x_wconf 83' lang='lat' dir='ltr'><strong>exsequi</strong></span> <span class='ocrx_word' id='word_1_72' title='bbox 1076 2191 1208 2256; x_wconf 92' lang='lat' dir='ltr'><strong>uoluiin</strong></span> <span class='ocrx_word' id='word_1_73' title='bbox 1220 2190 1283 2281; x_wconf 79' lang='lat' dir='ltr'><strong>hac</strong></span> <span class='ocrx_word' id='word_1_74' title='bbox 1295 2199 1406 2272; x_wconf 89' lang='lat' dir='ltr'><strong>parte,</strong></span> <span class='ocrx_word' id='word_1_75' title='bbox 1420 2187 1509 2272; x_wconf 91' lang='lat' dir='ltr'><strong>quod</strong></span> 
     </span>
     <span class='ocr_line' id='line_1_10' title="bbox 378 2295 1507 2384; baseline -0.004 -20"><span class='ocrx_word' id='word_1_76' title='bbox 378 2300 469 2364; x_wconf 86' lang='lat' dir='ltr'><strong>iuxta</strong></span> <span class='ocrx_word' id='word_1_77' title='bbox 487 2296 752 2363; x_wconf 73' lang='lat' dir='ltr'><strong>consuetudinem</strong></span> <span class='ocrx_word' id='word_1_78' title='bbox 770 2297 874 2380; x_wconf 84' lang='lat' dir='ltr'><strong>Regni</strong></span> <span class='ocrx_word' id='word_1_79' title='bbox 892 2297 1109 2384; x_wconf 86' lang='lat' dir='ltr'><strong>approbatam</strong></span> <span class='ocrx_word' id='word_1_80' title='bbox 1133 2296 1383 2383; x_wconf 83' lang='lat' dir='ltr'><strong>possessionem</strong></span> <span class='ocrx_word' id='word_1_81' title='bbox 1402 2295 1507 2377; x_wconf 86' lang='lat' dir='ltr'><strong>magi-</strong></span> 
     </span>
     <span class='ocr_line' id='line_1_11' title="bbox 380 2403 1509 2491; baseline -0.006 -18"><span class='ocrx_word' id='word_1_82' title='bbox 380 2406 438 2473; x_wconf 89' lang='lat' dir='ltr'><strong>stri</strong></span> <span class='ocrx_word' id='word_1_83' title='bbox 454 2405 627 2491; x_wconf 91' lang='lat' dir='ltr'><strong>Herbordy</strong></span> <span class='ocrx_word' id='word_1_84' title='bbox 646 2405 790 2472; x_wconf 88' lang='lat' dir='ltr'><strong>Ilmeuch</strong></span> <span class='ocrx_word' id='word_1_85' title='bbox 808 2412 960 2472; x_wconf 88' lang='lat' dir='ltr'><strong>uocatam</strong></span> <span class='ocrx_word' id='word_1_86' title='bbox 977 2405 1019 2470; x_wconf 85' lang='lat' dir='ltr'><strong>ad</strong></span> <span class='ocrx_word' id='word_1_87' title='bbox 1044 2425 1106 2491; x_wconf 91' lang='lat' dir='ltr'><strong>me,</strong></span> <span class='ocrx_word' id='word_1_88' title='bbox 1123 2404 1279 2471; x_wconf 88' lang='lat' dir='ltr'><strong>videlicet</strong></span> <span class='ocrx_word' id='word_1_89' title='bbox 1295 2403 1339 2468; x_wconf 87' lang='lat' dir='ltr'><strong>ad</strong></span> <span class='ocrx_word' id='word_1_90' title='bbox 1359 2423 1509 2469; x_wconf 89' lang='lat' dir='ltr'><strong>commn-</strong></span> 
     </span>
     <span class='ocr_line' id='line_1_12' title="bbox 378 2509 1507 2597; baseline -0.006 -17"><span class='ocrx_word' id='word_1_91' title='bbox 378 2533 453 2580; x_wconf 88' lang='lat' dir='ltr'><strong>nem</strong></span> <span class='ocrx_word' id='word_1_92' title='bbox 471 2534 605 2580; x_wconf 87' lang='lat' dir='ltr'><strong>manum</strong></span> <span class='ocrx_word' id='word_1_93' title='bbox 622 2513 767 2597; x_wconf 89' lang='lat' dir='ltr'><strong>recipere</strong></span> <span class='ocrx_word' id='word_1_94' title='bbox 786 2512 884 2595; x_wconf 87' lang='lat' dir='ltr'><strong>uolui,</strong></span> <span class='ocrx_word' id='word_1_95' title='bbox 902 2511 1008 2578; x_wconf 90' lang='lat' dir='ltr'><strong>medio</strong></span> <span class='ocrx_word' id='word_1_96' title='bbox 1026 2519 1180 2596; x_wconf 92' lang='lat' dir='ltr'><strong>tempore,</strong></span> <span class='ocrx_word' id='word_1_97' title='bbox 1194 2511 1306 2591; x_wconf 71' lang='lat' dir='ltr'><strong>¹donec</strong></span> <span class='ocrx_word' id='word_1_98' title='bbox 1325 2511 1449 2578; x_wconf 89' lang='lat' dir='ltr'><strong>ordine</strong></span> <span class='ocrx_word' id='word_1_99' title='bbox 1464 2509 1507 2574; x_wconf 90' lang='lat' dir='ltr'><strong>iu-</strong></span> 
     </span>
     <span class='ocr_line' id='line_1_13' title="bbox 382 2618 1509 2706; baseline -0.007 -16"><span class='ocrx_word' id='word_1_100' title='bbox 382 2621 518 2690; x_wconf 87' lang='lat' dir='ltr'><strong>diciario</strong></span> <span class='ocrx_word' id='word_1_101' title='bbox 548 2621 757 2705; x_wconf 87' lang='lat' dir='ltr'><strong>interipsum</strong></span> <span class='ocrx_word' id='word_1_102' title='bbox 779 2619 969 2702; x_wconf 86' lang='lat' dir='ltr'><strong>magistrum</strong></span> <span class='ocrx_word' id='word_1_103' title='bbox 995 2619 1221 2701; x_wconf 90' lang='lat' dir='ltr'><strong>Herbordum,</strong></span> <span class='ocrx_word' id='word_1_104' title='bbox 1243 2623 1277 2684; x_wconf 87' lang='lat' dir='ltr'><strong>et</strong></span> <span class='ocrx_word' id='word_1_105' title='bbox 1294 2618 1509 2706; x_wconf 91' lang='lat' dir='ltr'><strong>Prepositum</strong></span> 
     </span>
     <span class='ocr_line' id='line_1_14' title="bbox 379 2726 1508 2809; baseline -0.006 -11"><span class='ocrx_word' id='word_1_106' title='bbox 379 2730 493 2798; x_wconf 82' lang='lat' dir='ltr'><strong>Castri</strong></span> <span class='ocrx_word' id='word_1_107' title='bbox 511 2729 606 2795; x_wconf 80' lang='lat' dir='ltr'><strong>terrei</strong></span> <span class='ocrx_word' id='word_1_108' title='bbox 632 2729 867 2809; x_wconf 77' lang='lat' dir='ltr'><strong>discuteretur,</strong></span> <span class='ocrx_word' id='word_1_109' title='bbox 889 2727 946 2792; x_wconf 91' lang='lat' dir='ltr'><strong>sed</strong></span> <span class='ocrx_word' id='word_1_110' title='bbox 962 2726 1006 2793; x_wconf 86' lang='lat' dir='ltr'><strong>ad</strong></span> <span class='ocrx_word' id='word_1_111' title='bbox 1025 2726 1153 2793; x_wconf 83' lang='lat' dir='ltr'><strong>litteras</strong></span> <span class='ocrx_word' id='word_1_112' title='bbox 1171 2727 1360 2792; x_wconf 84' lang='lat' dir='ltr'><strong>Maiestatis</strong></span> <span class='ocrx_word' id='word_1_113' title='bbox 1387 2733 1508 2800; x_wconf 89' lang='lat' dir='ltr'><strong>uestre‚</strong></span> 
     </span>
     <span class='ocr_line' id='line_1_15' title="bbox 380 2831 1508 2922; baseline -0.002 -20"><span class='ocrx_word' id='word_1_114' title='bbox 380 2840 543 2922; x_wconf 82' lang='lat' dir='ltr'><strong>magistro</strong></span> <span class='ocrx_word' id='word_1_115' title='bbox 560 2835 703 2904; x_wconf 89' lang='lat' dir='ltr'><strong>Johanni</strong></span> <span class='ocrx_word' id='word_1_116' title='bbox 719 2843 751 2900; x_wconf 92' lang='lat' dir='ltr'><strong>et</strong></span> <span class='ocrx_word' id='word_1_117' title='bbox 767 2833 854 2902; x_wconf 88' lang='lat' dir='ltr'><strong>dicto</strong></span> <span class='ocrx_word' id='word_1_118' title='bbox 872 2835 1040 2918; x_wconf 88' lang='lat' dir='ltr'><strong>Prepesito</strong></span> <span class='ocrx_word' id='word_1_119' title='bbox 1057 2834 1236 2916; x_wconf 84' lang='lat' dir='ltr'><strong>exhibitas,</strong></span> <span class='ocrx_word' id='word_1_120' title='bbox 1264 2833 1370 2920; x_wconf 86' lang='lat' dir='ltr'><strong>ijdem</strong></span> <span class='ocrx_word' id='word_1_121' title='bbox 1384 2831 1508 2900; x_wconf 87' lang='lat' dir='ltr'><strong>dictam</strong></span> 
     </span>
     <span class='ocr_line' id='line_1_16' title="bbox 384 2942 1507 3031; baseline -0.007 -17"><span class='ocrx_word' id='word_1_122' title='bbox 384 2947 628 3031; x_wconf 84' lang='lat' dir='ltr'><strong>possessionem</strong></span> <span class='ocrx_word' id='word_1_123' title='bbox 653 2945 818 3010; x_wconf 88' lang='lat' dir='ltr'><strong>remittere</strong></span> <span class='ocrx_word' id='word_1_124' title='bbox 835 2963 898 3008; x_wconf 91' lang='lat' dir='ltr'><strong>nou</strong></span> <span class='ocrx_word' id='word_1_125' title='bbox 916 2949 1077 3025; x_wconf 85' lang='lat' dir='ltr'><strong>curarunt,</strong></span> <span class='ocrx_word' id='word_1_126' title='bbox 1093 2943 1307 3028; x_wconf 77' lang='lat' dir='ltr'><strong>presentibus</strong></span> <span class='ocrx_word' id='word_1_127' title='bbox 1333 2948 1368 3007; x_wconf 91' lang='lat' dir='ltr'><strong>et</strong></span> <span class='ocrx_word' id='word_1_128' title='bbox 1384 2942 1507 3008; x_wconf 84' lang='lat' dir='ltr'><strong>utilita-</strong></span> 
     </span>
     <span class='ocr_line' id='line_1_17' title="bbox 382 3048 1505 3136; baseline -0.005 -16"><span class='ocrx_word' id='word_1_129' title='bbox 382 3055 472 3120; x_wconf 86' lang='lat' dir='ltr'><strong>tibus</strong></span> <span class='ocrx_word' id='word_1_130' title='bbox 498 3051 640 3119; x_wconf 90' lang='lat' dir='ltr'><strong>eiusdem</strong></span> <span class='ocrx_word' id='word_1_131' title='bbox 668 3051 832 3136; x_wconf 80' lang='lat' dir='ltr'><strong>perceptis</strong></span> <span class='ocrx_word' id='word_1_132' title='bbox 857 3049 891 3116; x_wconf 92' lang='lat' dir='ltr'><strong>in</strong></span> <span class='ocrx_word' id='word_1_133' title='bbox 910 3049 1124 3134; x_wconf 90' lang='lat' dir='ltr'><strong>preindieium</strong></span> <span class='ocrx_word' id='word_1_134' title='bbox 1150 3050 1303 3134; x_wconf 86' lang='lat' dir='ltr'><strong>magistri</strong></span> <span class='ocrx_word' id='word_1_135' title='bbox 1328 3048 1505 3135; x_wconf 82' lang='lat' dir='ltr'><strong>Herbordy</strong></span> 
     </span>
     <span class='ocr_line' id='line_1_18' title="bbox 383 3155 1505 3244; baseline -0.004 -17"><span class='ocrx_word' id='word_1_136' title='bbox 383 3159 563 3244; x_wconf 88' lang='lat' dir='ltr'><strong>memorati,</strong></span> <span class='ocrx_word' id='word_1_137' title='bbox 582 3155 731 3243; x_wconf 86' lang='lat' dir='ltr'><strong>quamuis</strong></span> <span class='ocrx_word' id='word_1_138' title='bbox 757 3156 800 3224; x_wconf 89' lang='lat' dir='ltr'><strong>sit</strong></span> <span class='ocrx_word' id='word_1_139' title='bbox 816 3158 857 3223; x_wconf 92' lang='lat' dir='ltr'><strong>de</strong></span> <span class='ocrx_word' id='word_1_140' title='bbox 872 3158 941 3222; x_wconf 87' lang='lat' dir='ltr'><strong>iure</strong></span> <span class='ocrx_word' id='word_1_141' title='bbox 957 3159 1123 3242; x_wconf 86' lang='lat' dir='ltr'><strong>possessio</strong></span> <span class='ocrx_word' id='word_1_142' title='bbox 1141 3158 1293 3242; x_wconf 80' lang='lat' dir='ltr'><strong>magistri</strong></span> <span class='ocrx_word' id='word_1_143' title='bbox 1315 3157 1505 3244; x_wconf 84' lang='lat' dir='ltr'><strong>Herbordy,</strong></span> 
     </span>
     <span class='ocr_line' id='line_1_19' title="bbox 310 3256 1505 3350; baseline -0.008 -12"><span class='ocrx_word' id='word_1_144' title='bbox 310 3256 311 3260; x_wconf 24' lang='lat'>¹</span> <span class='ocrx_word' id='word_1_145' title='bbox 381 3271 465 3337; x_wconf 91' lang='lat' dir='ltr'><strong>sicut</strong></span> <span class='ocrx_word' id='word_1_146' title='bbox 490 3270 525 3334; x_wconf 94' lang='lat' dir='ltr'><strong>in</strong></span> <span class='ocrx_word' id='word_1_147' title='bbox 550 3267 669 3332; x_wconf 90' lang='lat' dir='ltr'><strong>litteris</strong></span> <span class='ocrx_word' id='word_1_148' title='bbox 695 3265 958 3350; x_wconf 83' lang='lat' dir='ltr'><strong>priuilegiatibus</strong></span> <span class='ocrx_word' id='word_1_149' title='bbox 984 3265 1103 3332; x_wconf 81' lang='lat' dir='ltr'><strong>exinde</strong></span> <span class='ocrx_word' id='word_1_150' title='bbox 1130 3265 1291 3332; x_wconf 83' lang='lat' dir='ltr'><strong>confectis</strong></span> <span class='ocrx_word' id='word_1_151' title='bbox 1311 3266 1458 3350; x_wconf 86' lang='lat' dir='ltr'><strong>inspexi,</strong></span> <span class='ocrx_word' id='word_1_152' title='bbox 1477 3270 1505 3329; x_wconf 92' lang='lat' dir='ltr'><strong>et</strong></span> 
     </span>
     <span class='ocr_line' id='line_1_20' title="bbox 383 3373 1506 3442; baseline -0.002 -2"><span class='ocrx_word' id='word_1_153' title='bbox 383 3375 530 3442; x_wconf 90' lang='lat' dir='ltr'><strong>constitit</strong></span> <span class='ocrx_word' id='word_1_154' title='bbox 546 3373 643 3442; x_wconf 88' lang='lat' dir='ltr'><strong>michi</strong></span> <span class='ocrx_word' id='word_1_155' title='bbox 661 3373 862 3440; x_wconf 88' lang='lat' dir='ltr'><strong>euidencius.</strong></span> <span class='ocrx_word' id='word_1_156' title='bbox 880 3373 974 3439; x_wconf 91' lang='lat' dir='ltr'><strong>Vnde</strong></span> <span class='ocrx_word' id='word_1_157' title='bbox 1001 3381 1131 3441; x_wconf 90' lang='lat' dir='ltr'><strong>constat</strong></span> <span class='ocrx_word' id='word_1_158' title='bbox 1146 3375 1178 3438; x_wconf 91' lang='lat' dir='ltr'><strong>in</strong></span> <span class='ocrx_word' id='word_1_159' title='bbox 1197 3375 1383 3442; x_wconf 84' lang='lat' dir='ltr'><strong>clemencia</strong></span> <span class='ocrx_word' id='word_1_160' title='bbox 1400 3381 1506 3441; x_wconf 87' lang='lat' dir='ltr'><strong>uestre</strong></span> 
     </span>
     <span class='ocr_line' id='line_1_21' title="bbox 382 3467 1017 3565; baseline -0.008 -14"><span class='ocrx_word' id='word_1_161' title='bbox 382 3483 576 3565; x_wconf 84' lang='lat' dir='ltr'><strong>Maiestatis,</strong></span> <span class='ocrx_word' id='word_1_162' title='bbox 595 3479 768 3564; x_wconf 89' lang='lat' dir='ltr'><strong>quidinde</strong></span> <span class='ocrx_word' id='word_1_163' title='bbox 785 3481 828 3546; x_wconf 87' lang='lat' dir='ltr'><strong>sit</strong></span> <span class='ocrx_word' id='word_1_164' title='bbox 844 3467 1017 3564; x_wconf 77' lang='lat' dir='ltr'><strong>agendum.</strong></span> 
     </span>
    </p>

    <p class='ocr_par' dir='ltr' id='par_1_3' title="bbox 489 3587 924 3669">
     <span class='ocr_line' id='line_1_22' title="bbox 489 3587 924 3669; baseline -0.014 -15"><span class='ocrx_word' id='word_1_165' title='bbox 489 3587 636 3654; x_wconf 82' lang='lat' dir='ltr'><strong>Kinr&#39;ttrb&#39;l</strong></span> <span class='ocrx_word' id='word_1_166' title='bbox 651 3610 660 3650; x_wconf 93' lang='lat'><em>:</em></span> <span class='ocrx_word' id='word_1_167' title='bbox 676 3589 815 3655; x_wconf 91' lang='lat' dir='ltr'><strong>Domino</strong></span> <span class='ocrx_word' id='word_1_168' title='bbox 832 3587 924 3669; x_wconf 82' lang='lat' dir='ltr'><strong>Regi.</strong></span> 
     </span>
    </p>
   </div>
   <div class='ocr_carea' id='block_1_3' title="bbox 379 3764 1496 3940">
    <p class='ocr_par' dir='ltr' id='par_1_4' title="bbox 379 3764 1496 3940">
     <span class='ocr_line' id='line_1_23' title="bbox 379 3764 1496 3860; baseline -0.002 -22"><span class='ocrx_word' id='word_1_169' title='bbox 379 3781 417 3853; x_wconf 87' lang='grc' dir='ltr'><strong>(Α</strong></span> <span class='ocrx_word' id='word_1_170' title='bbox 430 3781 496 3860; x_wconf 78' lang='lat' dir='ltr'><strong>gros</strong></span> <span class='ocrx_word' id='word_1_171' title='bbox 506 3782 607 3841; x_wconf 85' lang='lat' dir='ltr'><strong>Teleki</strong></span> <span class='ocrx_word' id='word_1_172' title='bbox 628 3778 728 3842; x_wconf 67' lang='lat' dir='ltr'><strong>csalad</strong></span> <span class='ocrx_word' id='word_1_173' title='bbox 742 3764 976 3853; x_wconf 74' lang='lat' dir='ltr'><strong>magyarorszdgi</strong></span> <span class='ocrx_word' id='word_1_174' title='bbox 998 3779 1112 3854; x_wconf 70' lang='lat' dir='ltr'><strong>aganak</strong></span> <span class='ocrx_word' id='word_1_175' title='bbox 1126 3779 1325 3838; x_wconf 78' lang='lat' dir='ltr'><strong>tcvc&#39;tttrtbct</strong></span> <span class='ocrx_word' id='word_1_176' title='bbox 1340 3779 1496 3854; x_wconf 73' lang='lat' dir='ltr'><strong>(tyemrsn.</strong></span> 
     </span>
     <span class='ocr_line' id='line_1_24' title="bbox 544 3869 1098 3940; baseline -0.004 -14"><span class='ocrx_word' id='word_1_177' title='bbox 544 3889 546 3892; x_wconf 82' lang='lat'>·</span> <span class='ocrx_word' id='word_1_178' title='bbox 782 3869 869 3926; x_wconf 76' lang='lat' dir='ltr'><strong>Kenti</strong></span> <span class='ocrx_word' id='word_1_179' title='bbox 882 3869 963 3924; x_wconf 66' lang='lat' dir='ltr'><strong>Scato</strong></span> <span class='ocrx_word' id='word_1_180' title='bbox 978 3872 1098 3940; x_wconf 75' lang='lat' dir='ltr'><strong>ttcrctp.)</strong></span> 
     </span>
    </p>
   </div>
   <div class='ocr_carea' id='block_1_4' title="bbox 819 4168 1076 4189">
    <p class='ocr_par' dir='ltr' id='par_1_5' title="bbox 819 4168 1076 4189">
     <span class='ocr_line' id='line_1_25' title="bbox 819 4168 1076 4178; baseline 0 -2"><span class='ocrx_word' id='word_1_181' title='bbox 819 4168 1076 4178; x_wconf 54' lang='grc' dir='ltr'><strong>-μ--μ--ι</strong></span> 
     </span>
     <span class='ocr_line' id='line_1_26' title="bbox 821 4179 962 4189; baseline 0 0"><span class='ocrx_word' id='word_1_182' title='bbox 821 4179 824 4189; x_wconf 84' lang='lat' dir='ltr'><strong>t</strong></span> <span class='ocrx_word' id='word_1_183' title='bbox 959 4185 962 4189; x_wconf 96' lang='lat'>.</span> 
     </span>
    </p>
   </div>
   <div class='ocr_carea' id='block_1_5' title="bbox 0 0 1605 5238">
    <p class='ocr_par' dir='ltr' id='par_1_6' title="bbox 0 0 1605 5238">
     <span class='ocr_line' id='line_1_27' title="bbox 0 0 1605 5238; baseline 0 0"><span class='ocrx_word' id='word_1_184' title='bbox 0 0 1605 5238; x_wconf 95' lang='lat' dir='ltr'><strong> </strong></span> 
     </span>
    </p>
   </div>
  </div>
 </body>
</html>
