3166 5238
866 307 981 412 2-14„

340 512 379 580 ῦς
397 514 459 583 rite
475 513 588 582 tulerit
603 512 637 579 in
654 512 806 600 rebelles,
823 517 931 580 ratam
947 505 1142 578 habebimus
1169 507 1202 570 et
1227 498 1392 566 faciemus
1410 513 1474 559 au·

337 627 429 693 ctore
444 623 588 692 Domino
605 640 707 708 usque
733 620 776 690 ad
792 620 1052 690 satisfactionem
1072 611 1273 699 condignam
1288 603 1473 678 inviolabi-

338 734 413 803 liter
428 731 606 800 observari.
632 733 753 799 Datum
770 730 926 799 Laterani
942 729 980 796 V.
997 724 1162 795 kalendas
1178 715 1364 789 Februarii.
1385 715 1475 782 Pon·

339 841 482 910 titioatus
497 838 602 908 nostri
620 858 708 906 anno
726 839 849 923 quinto.

340 1033 378 1106 (V
379 1034 429 1090 Ill.
441 1034 581 1094 Bonifton
594 1033 672 1110 pdpa
684 1033 875 1108 Regesttibol
884 1032 1012 1090 Theiner
1022 1031 1210 1092 Monumenta
1224 1027 1280 1084 stb.
1294 1025 1317 1080 1.
1330 1023 1394 1076 kur.
1407 1016 1473 1074 382.

386 1128 405 1184 l.
419 1126 516 1184 Revid
529 1125 683 1185 tdreddket
694 1127 812 1184 kbablte
825 1124 911 1198 Pejor
924 1125 995 1184 cod.
1007 1123 1087 1196 Dipl.
1102 1122 1151 1179 VI.
1164 1123 1224 1177 kot.
1237 1118 1264 1172 2.
1278 1135 1301 1171 r.
1315 1114 1381 1172 223.
1391 1112 1421 1183 l.)

866 1951 936 2018 ur.

337 2145 469 2236 Apdcst'
477 2149 605 2236 pospob
630 2146 913 2235 bizouprc'ptcoelc,
929 2148 1032 2214 Jdnos
1050 2145 1157 2210 Imbsor
1173 2144 1292 2230 ficiculo
1321 2140 1471 2208 όυάεάνόὶ

649 2253 859 2341 &preceptor
866 2254 933 2340 fiai
948 2253 1036 2322 clleo.
1054 2253 1153 2320 1299.

446 2453 516 2520 Nos
533 2453 567 2518 Ρ.
586 2451 708 2518 Diuina
734 2451 952 2518 miseracione
968 2450 1157 2538 Episcopus
1176 2449 1474 2534 Quinqueeeclesi·

341 2562 431 2630 ensis
449 2561 605 2630 memorie
630 2560 915 2644 commendamus,
942 2561 1032 2643 qnod
1048 2558 1221 2628 Johannes
1245 2558 1336 2626 filius
1362 2558 1474 2625 Imbur

341 2665 384 2734 de
409 2669 540 2753 Posega
565 2667 609 2734 ad
634 2677 780 2737 nostram
807 2667 997 2736 accedendo
1022 2667 1234 2756 presenciam
1260 2686 1317 2751 per
1343 2668 1474 2735 modum

340 2777 598 2862 protestacionis
624 2775 707 2844 dixit
722 2783 754 2844 et
781 2776 921 2845 dicendo
937 2782 1143 2861 protestatus
1164 2782 1233 2860 est,
1261 2776 1353 2859 quod
1369 2775 1475 2859 Magi-

337 2890 405 2952 ster
422 2885 561 2972 Gyletus
577 2885 666 2952 filius
683 2883 797 2970 Gyleti
813 2884 921 2968 ipsum
938 2886 979 2952 de
1005 2884 1275 2970 possessionibus
1303 2883 1376 2952 suis
1394 2882 1474 2949 effu-

338 2991 463 3074 gisset,
491 3011 531 3058 ao
555 2993 786 3077 possessiones
813 3011 892 3059 suas
918 2991 1153 3074 destruxisset,
1171 2999 1205 3058 et
1224 2991 1323 3058 citari
1343 2991 1474 3060 faceret

339 3100 479 3167 eundem
496 3100 529 3166 iu
547 3099 633 3168 facie
649 3099 894 3184 possessionum
911 3101 1101 3185 earundem,
1120 3100 1165 3168 ad
1182 3099 1278 3168 cuius
1295 3099 1474 3169 citacionis

339 3205 457 3272 seriem
476 3207 704 3292 exequendam
720 3205 761 3272 ob
778 3213 901 3276 metum
927 3207 1076 3277 eiusdem
1092 3209 1247 3295 Magistri
1264 3207 1405 3297 Gylethi
1421 3227 1474 3275 ac·

338 3310 457 3381 cedere
474 3313 674 3400 formidaret,
692 3321 725 3381 et
735 3314 822 3396 quod
838 3335 938 3381 unum
951 3315 1090 3383 fratrem
1106 3316 1216 3402 ipsius
1233 3315 1345 3383 occidi
1353 3303 1390 3385 'et
1407 3335 1475 3384 ser-

336 3418 482 3488 vientem
497 3440 592 3489 suum
616 3425 790 3490 vulnerare
815 3424 932 3490 fecerit
948 3424 982 3489 in
999 3425 1105 3510 ipsius
1125 3425 1349 3511 preiudicium
1376 3433 1413 3494 et
1429 3427 1475 3492 ia-

341 3531 477 3594 oturam.
502 3528 624 3596 Datum
643 3529 945 3614 Quinquoeeclesiis
971 3531 1005 3597 in
1031 3533 1160 3601 octavis
1186 3535 1380 3621 Epiphanio
1406 3537 1474 3604 Do·

338 3635 419 3702 mini
434 3654 522 3704 anno
538 3636 670 3704 Domini
686 3638 736 3707 Μ0
752 3637 825 3705 00⁰
840 3640 1059 3726 nonagesimo
1075 3660 1174 3710 nono.

749 3830 805 3904 (Aa
825 3833 936 3892 eredeti
953 3833 1048 3907 utta.)

791 4130 1017 4149 Μ
