3188 5238
394 519 523 587 Petrum
551 521 588 586 V.
615 523 784 592 Kalendas
808 521 1022 604 Novembris,
1055 523 1268 590 Pontificatus
1295 523 1396 591 nostri
1419 543 1511 590 anno

397 648 510 713 prrmo.

466 769 553 843 (vm.
567 770 706 830 Bonifdca
724 772 802 846 pdps
814 772 1003 846 Regestsibdl
1016 771 1143 829 Theiner
1155 773 1192 828 id.
1205 789 1243 832 m.
1255 772 1277 828 1.
1291 773 1320 828 k.
1333 771 1392 830 380.
1405 770 1434 843 l.)

923 1621 978 1686 19.

437 1821 530 1886 Pdter
545 1817 665 1907 srddlys'
679 1821 805 1906 pltspdls
821 1841 842 1881 a
858 1819 949 1882 sardi
963 1817 1116 1903 vsuddqek
1124 1820 1233 1906 Joqoit
1252 1819 1464 1906 szodulyozza.

904 1927 1000 1993 1295.

498 2129 568 2194 Nos
585 2126 701 2192 Petrus
719 2121 930 2191 miseratione
946 2125 1068 2190 Divina
1084 2125 1269 2212 Episcopus
1288 2125 1503 2212 Transsylva·

391 2253 451 2300 nus
468 2231 690 2320 significamus
705 2232 822 2315 quibus
840 2232 973 2316 expedit
988 2234 1150 2301 universis
1167 2235 1372 2320 presencium
1383 2255 1440 2318 per
1457 2241 1503 2300 te-

391 2360 512 2428 norem,
529 2343 616 2424 quod
633 2343 762 2428 populis
778 2341 898 2406 nostris
916 2341 957 2408 de
974 2343 1055 2408 villa
1072 2340 1158 2407 Sard
1175 2341 1262 2409 hanc
1278 2343 1503 2410 contulerimus

390 2449 589 2530 libertatem,
607 2459 641 2517 ut
666 2450 698 2515 in
720 2451 805 2518 festo
825 2449 919 2516 Beati
935 2450 1069 2519 Martini
1085 2470 1200 2518 omnes
1219 2455 1430 2519 communiter
1445 2450 1505 2516 sin-

390 2556 476 2642 gulis
492 2559 588 2624 annis
606 2557 765 2625 tredecim
794 2575 921 2624 marcas
937 2563 1109 2625 terrestres
1135 2563 1263 2646 argenti
1277 2590 1279 2596 ·
1291 2581 1347 2644 pro
1368 2561 1503 2639 terragio

390 2665 516 2734 solvere
532 2672 713 2733 teneantur.
732 2665 812 2732 ltem
826 2667 1011 2749 quicunque
1029 2685 1070 2731 ex
1086 2667 1169 2751 ipsis
1187 2666 1371 2750 hospitibus
1386 2667 1503 2735 nostris

389 2775 422 2839 in
439 2773 514 2861 ipsa
528 2775 609 2842 villa
625 2775 711 2843 Sard
729 2784 820 2843 certa
837 2774 951 2858 aliqua
966 2774 1115 2861 edificia,
1143 2777 1196 2842 rel
1215 2775 1348 2856 vineas,
1368 2783 1423 2841 aut
1438 2775 1503 2843 alia

389 2903 580 2968 quecunque
597 2904 699 2970 opera
715 2884 838 2970 iecerit,
857 2885 961 2953 libore
976 2885 1082 2968 possit
1093 2885 1248 2967 vendere,
1265 2884 1318 2950 vel
1335 2884 1455 2950 donare
1470 2886 1502 2949 in

384 2996 467 3079 site,
483 2997 537 3062 vel
553 2995 587 3060 in
604 3000 707 3061 morte
724 2995 903 3078 cuicunque
918 2995 1091 3070 voluerint,
1108 3003 1166 3062 aut
1183 2997 1286 3061 eciam
1302 2993 1504 3074 recedentes,

389 3111 423 3172 et
437 3103 524 3172 sicut
540 3102 642 3170 libere
658 3109 826 3188 venerunt,
848 3103 897 3169 sic
913 3103 1016 3168 libere
1031 3103 1188 3168 recedunt
1207 3120 1397 3184 quocunque
1412 3101 1499 3170 volu·

390 3213 495 3297 erint,
517 3213 608 3297 justo
634 3213 777 3295 terragio
801 3211 913 3277 villico
940 3229 1051 3276 eorum
1072 3230 1131 3294 pro
1157 3217 1303 3293 tempore
1328 3210 1500 3278 constituto

388 3321 565 3405 persoluto.
589 3321 683 3388 Hunc
699 3319 799 3386 ctiam
824 3319 972 3400 graciam
993 3317 1041 3384 eis
1065 3317 1220 3384 duximus
1235 3317 1441 3402 faciendam,
1468 3327 1502 3386 ut

389 3430 571 3512 quicunque
588 3449 629 3494 ex
645 3429 725 3512 ipsis
742 3428 812 3494 sine
829 3427 952 3494 herede
970 3427 1189 3511 decederent,
1218 3427 1329 3492 omnia
1341 3427 1429 3494 bona
1444 3447 1501 3495 sua

389 3538 570 3621 cuicunque
586 3537 766 3620 voluerint,
792 3536 826 3603 in
844 3543 947 3604 morto
962 3555 1022 3604 sua
1039 3535 1141 3602 libere
1157 3536 1288 3623 possint
1310 3535 1500 3620 relinquere,

389 3647 512 3732 legare,
531 3665 589 3714 seu
605 3645 748 3731 donare,
773 3665 838 3710 uno
855 3646 939 3714 bove
955 3653 1053 3710 tenue
1074 3641 1160 3732 (lgy)
1177 3645 1274 3713 nobis
1293 3643 1428 3712 donato.
1445 3645 1501 3714 Ce-

387 3764 492 3823 terum
502 3775 561 3840 pro
578 3752 721 3821 decensu
733 3761 843 3821 nostro
854 3757 957 3822 semel
972 3755 1007 3820 in
1025 3773 1112 3821 anno
1123 3775 1221 3820 unum
1234 3757 1499 3843 bovempascua-

387 3865 462 3949 lem,
479 3871 511 3932 ot
525 3883 624 3930 unum
641 3845 796 3946 porcum,
822 3884 862 3932 ac
879 3883 978 3931 unam
994 3865 1155 3931 tunellam
1174 3863 1244 3930 vini
1271 3864 1313 3932 de
1329 3871 1397 3931 tota
1413 3863 1500 3950 villu,

387 3969 428 4038 de
445 3972 583 4057 siugulis
600 3972 704 4060 eciam
730 3970 956 4040 mansionibus
981 3991 1078 4038 unam
1095 3972 1275 4055 gallinam,
1292 3991 1392 4040 unum
1410 3973 1500 4038 cubu-

388 4081 454 4147 lum
470 4098 591 4163 avene,
609 4086 642 4146 et
658 4078 739 4146 duos
756 4099 862 4164 panes
878 4080 958 4148 dare
974 4081 1105 4149 debent.
1123 4083 1206 4148 Item
1223 4084 1366 4148 minutas
1384 4101 1498 4150 causas

387 4189 470 4256 inter
486 4190 578 4276 ipsos
596 4197 730 4256 exortas
747 4190 876 4256 villicus
887 4191 1031 4278 ipsorum
1042 4191 1218 4277 judicabit,
1235 4193 1379 4277 majores
1395 4202 1498 4261 autem

387 4316 517 4377 causas,
532 4297 616 4366 sicut
634 4316 732 4384 super
748 4297 908 4367 effusione
923 4299 1103 4384 sanguinis,
1122 4306 1234 4383 morte,
1252 4300 1347 4383 furto,
1367 4306 1397 4365 et
1419 4301 1499 4368 simi·

386 4405 481 4489 libus,
499 4408 616 4477 Comes
643 4427 754 4476 eorum
778 4428 851 4476 curn
867 4409 978 4478 villico
1001 4409 1189 4496 judicabit;
1214 4429 1347 4492 quorum
1373 4409 1498 4495 quidem

383 4515 583 4602 judiciorum
599 4515 662 4585 due
678 4526 789 4602 partes
807 4521 924 4588 cedent
941 4521 1074 4602 comiti,
1090 4519 1192 4586 tercia
1207 4526 1303 4605 parte
1322 4521 1431 4588 villico
1446 4541 1496 4588 re-

389 4630 541 4692 manente
567 4627 750 4693 sorundem.
778 4626 883 4710 Super
908 4627 1098 4698 vulneribus
1123 4633 1231 4694 autem
1255 4624 1451 4704 inferendis,
1466 4635 1496 4692 et
