3214 5238
893 841 969 908 tos.

375 1035 469 1101 Miko'
482 1037 579 1103 Detre
587 1038 639 1124 fio
655 1061 711 1124 epp
735 1041 870 1124 resarcit,
896 1040 1070 1104 Edenates
1093 1039 1213 1105 Barkes
1238 1040 1344 1104 Dones
1353 1038 1422 1122 fiai
1442 1040 1506 1100 mdc

373 1145 491 1210 roseit
500 1196 510 1232 ‚
526 1146 644 1234 admely
670 1147 786 1213 dirtolei
800 1149 918 1234 joyaile
943 1150 1030 1213 insint
1055 1173 1076 1212 o
1092 1149 1181 1213 adesi
1196 1147 1357 1234 leciptaloa
1374 1145 1449 1210 eld'tt
1463 1146 1506 1208 ci·

730 1259 899 1322 eaorreeerdt
914 1257 1036 1326 ledtaelo.
1054 1257 1151 1322 1300.

789 1403 1086 1470 ABG

479 1550 666 1636 Capitulum
677 1549 825 1619 Ecclesia
837 1549 1022 1618 Waoiensis
1040 1549 1190 1616 omnibns
1207 1549 1331 1617 Christi
1348 1548 1504 1616 fidelibus

373 1664 544 1744 presentes
569 1659 696 1726 litteras
722 1657 917 1746 inspecturis
942 1659 1079 1726 salntem
1097 1661 1129 1726 in
1150 1659 1294 1726 omnium
1321 1659 1503 1726 saluatore.
1594 1709 1596 1764 l

372 1768 423 1838 An
440 1768 663 1836 uniuersorum
692 1767 847 1836 noticiam
872 1779 937 1836 tam
963 1767 1165 1853 presencium
1193 1786 1292 1850 quam
1318 1767 1503 1834 futurorum
1595 1771 1596 1832 3

371 1876 486 1945 harum
512 1876 596 1944 serie
623 1878 771 1944 volumus
797 1877 990 1964 peruenire,
1017 1877 1107 1959 quod
1133 1877 1249 1944 eomes
1268 1878 1395 1964 Mykou
1417 1877 1501 1944 filins

371 1984 498 2055 Detriei
514 1986 556 2052 ab
582 2003 646 2050 una
663 1991 768 2074 parte,
786 1993 819 2051 et
835 1986 952 2051 Comes
968 1986 1102 2052 Edeueh
1119 2003 1158 2048 ae
1179 1981 1305 2050 Barkes
1322 1986 1383 2072 filij
1414 1985 1502 2073 Dyo·

370 2095 448 2181 nisij
466 2095 631 2177 exaltem,
644 2114 751 2163 coram
768 2093 860 2160 nobis
870 2095 1086 2184 personaliter
1103 2101 1323 2178 conparantes
1341 2099 1376 2158 et
1392 2099 1502 2160 astan-

372 2210 441 2286 tes,
460 2203 550 2269 iuxta
567 2203 807 2271 continenciam
827 2204 1006 2270 litterarum
1023 2201 1258 2270 memorialium
1285 2203 1413 2270 domini
1439 2205 1501 2269 An-

372 2309 448 2378 dree
474 2309 536 2377 Dei
552 2311 667 2396 gracia
683 2309 782 2396 Regis
799 2311 989 2398 Hungarie,
1008 2315 1041 2377 et
1057 2333 1099 2378 ex
1115 2311 1333 2397 permissione
1355 2311 1501 2380 eiusdem

371 2419 511 2502 domini,
537 2439 634 2505 super
651 2418 848 2500 quibusdam
864 2418 960 2484 terris
977 2419 1047 2484 suis
1064 2417 1252 2485 huiusmodi
1279 2421 1501 2504 permutacio-

371 2546 445 2591 nem
462 2545 521 2594 sen
537 2525 675 2593 sormam
693 2525 877 2610 concambij
904 2545 940 2590 se
957 2523 1078 2594 fecisse
1104 2525 1257 2594 dixerunt
1272 2527 1359 2592 inter
1385 2529 1501 2614 ipsos:
1595 2581 1596 2608 p

371 2636 468 2716 Quod
484 2636 632 2723 prefatus
644 2636 763 2703 Comes
779 2635 912 2702 Edeuch
924 2641 957 2702 et
973 2637 1101 2705 Berkes
1120 2637 1220 2704 frater
1236 2657 1317 2703 suus
1336 2639 1502 2720 quandam

370 2754 492 2814 terram
519 2763 612 2810 suam
637 2743 728 2812 Puch
754 2752 905 2812 uocatam
924 2765 983 2830 per
1009 2746 1133 2812 dictum
1159 2744 1355 2834 Dyonisium
1372 2755 1502 2832 patrem

373 2854 517 2940 ipsorum
534 2855 629 2922 tilulo
657 2852 837 2938 emptionis
864 2862 1081 2939 conparatum
1107 2856 1167 2922 sub
1194 2855 1319 2922 eisdem
1347 2857 1499 2922 terminis

275 2997 277 3001 ·
371 2970 403 3028 et
419 2962 674 3030 limitaoionibus
685 3013 694 3048 ,
724 2961 842 3046 quibus
858 2968 1065 3050 perpetrem
1085 2963 1232 3048 ipsorum
1248 2969 1282 3029 et
1308 2966 1502 3032 successise

370 3091 429 3160 per
445 3073 535 3158 ipsos
553 3070 668 3138 habita
688 3072 749 3138 fuit
766 3079 798 3136 et
816 3091 984 3156 possessa,
1007 3073 1119 3156 dedit,
1147 3073 1283 3139 tradidit
1309 3079 1342 3140 et
1364 3076 1501 3153 contulit

370 3178 517 3266 prefecto
534 3179 651 3247 Comiti
668 3180 802 3266 Mykou,
821 3187 853 3244 et
869 3199 928 3265 per
953 3180 1113 3247 eumenis
1138 3180 1316 3248 heredibus
1342 3184 1414 3249 iure
1431 3203 1501 3267 per·
1595 3159 1596 3170 ἵ

370 3295 467 3374 petuo
484 3287 730 3372 possidendam.
757 3291 961 3374 Eeonuerso
986 3295 1097 3355 antem
1122 3289 1208 3356 idem
1225 3289 1345 3356 (lomes
1372 3291 1497 3378 Mykou

369 3398 402 3462 in
419 3396 644 3464 concambium
661 3395 748 3464 dicte
774 3403 860 3463 terre
876 3396 965 3462 Puch
982 3397 1150 3481 quandam
1175 3404 1297 3466 terram
1315 3401 1384 3465 sibi
1402 3422 1424 3465 a
1440 3401 1500 3469 fra·
1595 3399 1596 3456 ῗ

368 3505 471 3574 tribus
488 3505 555 3572 suis
581 3505 660 3592 filijs
677 3505 814 3574 Comitis
839 3509 960 3592 Byter‚
986 3529 1007 3572 a
1031 3505 1168 3576 Nicolao
1197 3515 1229 3572 et
1254 3508 1397 3574 Iwanka
1423 3507 1499 3592 filijs
1594 3507 1596 3600 l

368 3613 460 3680 Iwan
476 3613 656 3679 secundum
674 3613 812 3682 formam
836 3613 916 3679 iuris
928 3611 1127 3698 deuolutam,
1143 3614 1243 3682 Zeleu
1260 3623 1429 3700 vocatam,
1446 3637 1499 3684 su·
1595 3601 1596 3614 ἶ

366 3718 549 3808 peradditis
575 3740 632 3806 per
657 3720 765 3805 ipsum
800 3719 961 3787 Comitem
986 3723 1112 3809 Mykou
1137 3724 1275 3809 triginta
1300 3728 1425 3794 marcis
1452 3747 1498 3791 ar-

368 3828 459 3914 genti
477 3827 731 3896 mercimonialis
749 3828 912 3894 Budensis
929 3828 1036 3896 minus
1053 3831 1192 3918 duabus,
1210 3851 1294 3914 quas
1311 3833 1499 3918 ijdem'co·

368 3954 438 4001 mes
455 3933 590 4002 Edeneh
607 3941 640 4000 et
657 3935 781 4002 Berkes
808 3939 911 4003 frater
927 3956 1008 4004 suns
1026 3958 1063 4005 se
1088 3947 1303 4007 asseruerunt
1318 3944 1495 4028 recepisse,

367 4043 511 4112 vicinam
527 4048 560 4107 et
587 4042 775 4127 contiguam
800 4045 878 4111 ville
903 4044 1053 4113 eiusdem
1071 4047 1206 4114 Comitis
1233 4047 1357 4133 Mykou
1375 4052 1420 4118 ab
1438 4071 1498 4118 una

365 4157 460 4236 parte
476 4153 583 4219 Bussa
600 4156 734 4228 vocate,
762 4154 805 4219 ab
823 4152 928 4218 altera
944 4155 1023 4219 uero
1041 4157 1311 4224 conterminalem
1336 4163 1423 4226 terre
1440 4169 1494 4225 Ar-

367 4258 513 4324 chieatns
531 4254 618 4346 (igy)
635 4257 871 4344 Strigoniensis
891 4261 1043 4328 similiter
1068 4263 1168 4331 Zeleu
1187 4261 1399 4350 nuncupate,
1426 4287 1493 4332 curn
1595 4333 1596 4354 2

366 4366 513 4433 omnihus
540 4365 738 4434 utilitatibus
755 4367 827 4432 suis
852 4387 925 4434 oum
941 4369 1082 4452 quadam
1103 4373 1266 4458 particula
1282 4379 1372 4440 terre
1391 4373 1433 4440 de
1449 4397 1494 4442 es·
1595 4355 1596 4360 ἵ

365 4474 438 4539 dem
453 4478 541 4541 terra
557 4480 706 4542 extracta
724 4495 782 4561 per
806 4477 955 4560 prelatos
973 4480 1146 4550 Nicolaum
1171 4489 1204 4549 et
1219 4484 1394 4552 Iwankam
1411 4485 1490 4550 filios

362 4580 464 4665 luen,
482 4581 557 4647 dum
575 4583 676 4667 ijdem
692 4590 813 4652 terrem
824 4587 964 4656 eandem
981 4589 1082 4657 Zeleu
1093 4597 1247 4660 vocatam
1263 4591 1497 4674 possidebant,
