3188 5238
916 1037 974 1104 38.

394 1251 459 1318 III.
485 1251 591 1316 mactra
615 1250 721 1337 kirdly
739 1273 760 1316 a
777 1251 1010 1337 pannonbulmi
1033 1254 1235 1339 updtsdpnolc
1263 1253 1332 1340 po
1358 1257 1391 1318 c'a
1406 1252 1505 1321 Scant-

598 1359 715 1425 Mucios
738 1359 928 1447 bclyedpeltet
943 1359 1182 1445 acomcnyczza.
1204 1361 1302 1429 1292.

445 1609 447 1613 ·
499 1579 537 1643 In
553 1575 682 1643 nomine
698 1578 817 1644 Sancte
843 1576 1015 1645 Trinitatis
1033 1585 1065 1644 et
1080 1577 1253 1644 Indiuidua
1271 1576 1425 1645 Vnitatis.
1443 1581 1506 1647 An·

393 1685 489 1752 dress
504 1685 569 1753 Dei
585 1685 701 1770 gracia
721 1685 909 1772 Hungnrie,
927 1687 1109 1770 Dalmaoie,
1131 1687 1286 1772 Oceania,
1305 1686 1420 1768 Rama,
1438 1689 1507 1756 Ser-

394 1793 455 1875 uie,
474 1792 623 1874 Gallieie,
653 1794 856 1878 Lodomerie,
873 1794 1039 1874 domania,
1056 1794 1276 1879 Bulgarieque
1292 1796 1364 1861 Rex
1384 1797 1507 1859 uniuer-

395 1902 441 1968 sis
458 1900 581 1970 Christi
597 1900 746 1968 fidelibus
763 1903 968 1988 presentibus
984 1903 1107 1990 pariter
1119 1911 1152 1968 et
1168 1903 1287 1968 futuris
1299 1903 1506 1988 presencium

395 2010 548 2076 noticiam
572 2009 733 2078 habituris
759 2013 895 2077 salutem
925 2011 957 2075 in
984 2030 1022 2076 eo
1039 2012 1093 2095 qui
1115 2010 1333 2094 Regibus'dat
1358 2013 1506 2077 salutem.

393 2117 486 2184 Licet
502 2123 651 2185 ereatura
676 2139 741 2185 non
759 2119 881 2186 babeat
897 2120 975 2202 quid
991 2119 1131 2186 creatori
1159 2138 1198 2189 ac
1214 2123 1398 2203 reparatori
1424 2121 1505 2186 eius·

395 2243 457 2308 que
473 2227 720 2311 gloriosissimis
737 2229 871 2313 sanctis,
891 2249 1026 2314 quorum
1043 2227 1209 2313 suffragiis
1235 2234 1366 2295 creator
1383 2235 1506 2295 creatu-

393 2333 437 2400 ris
455 2334 590 2419 largitur
605 2335 779 2418 uniuersa,
803 2337 993 2424 impendere
1020 2336 1135 2404 ualeat
1151 2357 1193 2403 ex
1219 2335 1395 2420 condigno,
1413 2336 1509 2404 debet

394 2449 503 2509 tamen
528 2449 598 2510 tota
622 2442 803 2512 deuocione
828 2444 929 2511 animi
944 2450 1077 2527 totaque
1093 2445 1235 2528 puritate
1252 2443 1394 2512 affectus
1420 2443 1508 2510 labo-

394 2569 479 2637 rare,
495 2558 530 2618 vt
545 2557 729 2618 eternorum
745 2552 862 2618 intuitu
879 2552 913 2618 in
931 2554 1026 2619 terris
1040 2551 1189 2635 seminet,
1201 2552 1290 2634 quod
1305 2553 1339 2618 in
1358 2549 1414 2617 die
1430 2570 1508 2618 mes·

394 2656 495 2727 sionis
512 2664 656 2727 extreme
675 2659 870 2743 recolligens
888 2679 959 2726 cum
986 2659 1203 2746 multiplicato
1219 2659 1325 2725 fructu
1342 2660 1376 2724 in
1394 2659 1506 2726 celesti

395 2787 488 2834 orreo
514 2768 684 2854 possidere
709 2771 819 2835 valeat
840 2775 872 2836 et
901 2767 1035 2836 babere.
1051 2768 1194 2836 Proinde
1213 2768 1257 2834 ad
1284 2767 1506 2834 uniuersorum

395 2877 551 2943 noticiam
560 2877 673 2942 harum
685 2877 769 2944 serie
780 2878 928 2944 volumus
944 2877 1126 2962 peruenire,
1137 2875 1223 2958 cuod
1239 2895 1312 2942 cum
1323 2875 1508 2941 Ecclesiam

396 3003 454 3052 seu
470 2985 698 3052 Monasterium
724 2988 820 3052 Beati
845 2985 978 3051 Martini
1006 2984 1046 3050 de
1073 2987 1175 3053 Sacro
1200 2989 1311 3051 Monte
1330 2981 1509 3066 Pannonia,

397 3094 488 3159 cuius
504 3091 793 3160 intercessionibus
810 3093 906 3158 nobis
923 3099 1042 3159 cuncta
1058 3111 1216 3179 prospere
1242 3092 1419 3176 suffragari
1441 3112 1509 3159 sen·

396 3201 505 3286 timus,
521 3198 658 3268 velimus
669 3201 783 3269 merito
794 3202 911 3287 Regali
926 3201 1049 3280 fauore,
1066 3201 1180 3286 gracia
1197 3205 1230 3266 et
1245 3198 1432 3268 donaciona
1448 3220 1509 3266 am-

396 3311 534 3396 plexari,
547 3313 590 3377 ob
606 3310 782 3377 remedium
801 3311 908 3378 anime
925 3317 1035 3378 nostre
1052 3317 1085 3376 et
1101 3330 1193 3394 spem
1211 3311 1318 3375 lutura
1334 3309 1509 3390 felicitatis,

399 3420 557 3503 quasdam
574 3420 657 3485 duas
673 3419 902 3503 possessiones
917 3420 950 3485 in
965 3418 1090 3487 vicinia
1104 3419 1209 3503 ipsius
1219 3418 1426 3504 Monasterii,
1443 3419 1511 3502 'lap

399 3533 432 3592 et
449 3526 661 3592 ZentMiklus
671 3535 806 3595 vocatas
821 3527 963 3612 habitas,
974 3545 1044 3592 cum
1060 3526 1246 3594 uduornicis
1266 3525 1386 3591 nostris
1404 3528 1439 3592 in
1454 3526 1512 3593 eis-

395 3633 470 3700 dem
486 3633 712 3721 residentibus,
730 3635 821 3702 Roda
837 3636 991 3701 videlicet
1008 3645 1039 3702 ct
1054 3635 1174 3719 Zobou‚
1193 3634 1395 3718 Ohrachino,
1412 3634 1510 3700 Geor·

397 3742 462 3826 gio,
479 3743 695 3823 Sebastiano,
721 3741 888 3828 Ladizlao,
905 3743 1088 3819 Dominico‚
1112 3746 1305 3828 Scemeyno,
1324 3743 1467 3811 Matthia
1482 3748 1512 3809 ct

396 3855 505 3936 Petro,
523 3871 594 3917 cum
612 3853 677 3917 suis
687 3851 859 3928 heredibus
875 3851 1096 3934 heredumque
1108 3874 1239 3919 surorum
1253 3851 1512 3930 successoribus,

399 3978 478 4042 quos
494 3961 622 4046 quidem
635 3957 827 4026 uduornicos
844 3959 992 4027 dominus
1008 3963 1078 4026 Rex
1093 3963 1176 4028 Bela
1192 3977 1277 4024 auus
1295 3966 1410 4024 noster
1427 3960 1513 4024 clare

400 4069 554 4135 memorie
570 4067 610 4134 de
621 4066 843 4157 castrensibus
855 4068 955 4134 castri
966 4068 1232 4155 wesprimiensis
1243 4067 1276 4131 in
1289 4066 1512 4133 condicionem

369 4195 370 4200 ¹
400 4173 646 4266 uduornicorum
663 4175 884 4260 transtulerat,
901 4175 934 4240 in
952 4175 1066 4242 eadem
1094 4174 1299 4259 condicione,
1317 4195 1385 4258 qua
1402 4175 1513 4258 prede·

402 4281 586 4351 censoribus
603 4285 723 4349 uostris
748 4283 941 4368 semiorum,
960 4283 1118 4368 dedimus,
1136 4283 1331 4350 donabimus
1353 4291 1386 4349 et
1407 4289 1512 4350 contu·

400 4389 497 4456 limus
513 4391 576 4477 ipsi
592 4392 789 4458 Monasterio
807 4390 901 4458 Beati
917 4390 1045 4457 Martini
1060 4395 1121 4459 sub
1139 4391 1265 4460 eisdem
1283 4394 1391 4478 metis,
1408 4391 1511 4458 termi-

401 4496 452 4562 nis
468 4503 501 4562 et
516 4497 682 4584 limitibus,
697 4499 815 4584 quibus
832 4506 975 4584 tompore
990 4500 1095 4585 ipsius
1111 4499 1212 4586 Regis
1235 4501 1315 4568 Belo
1331 4521 1392 4586 por
1413 4501 1514 4586 predi·

402 4614 471 4671 ctos
494 4605 687 4673 uduornicos
713 4613 746 4671 et
770 4606 854 4674 alios
871 4609 1009 4694 populos
1025 4608 1202 4676 earundem
1221 4608 1353 4694 babile,
1380 4608 1513 4674 limitata

401 4713 531 4780 fuerant
547 4719 581 4780 et
606 4731 770 4798 possesse,
797 4732 867 4781 cum
892 4716 1041 4784 omnibus
1057 4719 1255 4788 vtilitatibus
1283 4719 1354 4786 suia
1371 4723 1404 4783 et
1422 4714 1514 4801 perti·
