3188 5238
923 371 964 439 '1³8

859 460 1025 472 nnn-Q*-

383 561 496 635 luerent
511 562 668 635 seriatim.
693 563 787 646 Quod
808 565 941 653 quidam
965 565 1151 657 capitulum
1176 565 1305 637 demum
1330 567 1423 638 nobis
1452 586 1503 635 rc-

386 675 525 761 scripsit,
542 673 576 742 in
592 676 653 744 heo
669 675 771 743 uerba
787 698 794 740 ι

493 783 777 852 Excellentissimo
801 783 931 852 dominc
954 801 1013 851 suo
1038 783 1203 873 A(ndrec)
1229 783 1295 854 Dei
1321 785 1435 872 gracia
1460 785 1503 852 ll·

382 889 477 957 lustri
492 892 573 978 Regi
590 891 754 978 Vngarie,
770 891 957 979 Capitulum
975 893 1123 962 Ecclesia
1147 894 1244 960 Beati
1261 894 1435 961 Michaelis
1453 893 1495 960 de

383 995 499 1067 Castro
516 999 637 1069 Ferreo
653 999 901 1070 inclinacionem
913 1007 946 1066 et
962 1002 1134 1070 oraciones
1145 1000 1178 1068 in
1189 1001 1329 1070 Domino
1341 1021 1413 1070 cum
1429 1022 1501 1087 per·

383 1114 479 1190 petus
493 1107 658 1178 fidelitatis
674 1108 839 1192 obsequio.
856 1110 997 1176 Litteras
1014 1115 1122 1178 uostre
1134 1107 1361 1197 Excellencfie
1376 1111 1501 1196 recepi-

384 1235 455 1282 mus
481 1214 568 1304 cum)
592 1216 713 1284 honore
737 1235 800 1300 quo
817 1216 925 1285 decuit
940 1224 1140 1304 reuerenter,
1157 1217 1192 1283 in
1218 1219 1336 1302 quibus
1362 1217 1504 1285 uidimus
1590 1239 1591 1246 ¹

384 1325 560 1405 contineri,
586 1324 673 1410 quod
687 1343 786 1390 unum
804 1345 844 1393 ex
862 1325 954 1393 nobis
971 1345 1067 1414 super
1089 1327 1209 1394 faciem
1226 1333 1314 1395 terre
1340 1325 1502 1396 Gothardi

384 1432 455 1499 Rufi
471 1433 557 1500 Gerr
572 1440 697 1512 uocate,
713 1433 1016 1519 transmitteremus,
1035 1435 1127 1502 cuius
1155 1436 1343 1503 testimonio
1361 1434 1507 1501 Domini·

384 1559 441 1609 cus
456 1538 540 1610 tilius
554 1541 671 1626 Eguke
687 1541 784 1608 homo
810 1547 927 1622 uester,
954 1542 1142 1611 conuocatis
1163 1544 1388 1611 conmotancis
1408 1551 1442 1609 et
1457 1543 1504 1607 ui-

383 1649 484 1734 cinis,
510 1646 731 1716 rcambularet
746 1649 856 1734 ipsam
871 1657 991 1716 terram
1003 1697 1012 1731 ,
1039 1657 1073 1716 ct
1093 1655 1252 1717 statueret
1277 1651 1450 1718 Harbordo
1476 1657 1507 1719 et

382 1756 534 1825 iratribus
545 1759 625 1842 suis,
636 1758 664 1824 si
678 1776 743 1823 non
753 1757 846 1826 lieret
857 1758 1101 1840 contradictum,
1120 1759 1381 1827 contradictores
1393 1767 1503 1827 autem

384 1863 427 1936 ad
442 1874 586 1934 nostram
598 1867 800 1952 presenciam
812 1863 998 1952 euocando;
1017 1869 1115 1934 sciret
1134 1867 1369 1936 etidcmhomo
1385 1876 1505 1951 uester,

384 1982 489 2041 utrum
515 1975 588 2061 ipse
604 1973 790 2043 dorlandus
816 1973 886 2041 sinc
913 1974 1035 2042 herede
1055 1975 1238 2044 decesserit
1253 1995 1315 2043 nec
1331 1995 1393 2061 nc,
1419 1975 1506 2060 quod

383 2089 493 2152 cestre
509 2083 675 2151 Maiestati
690 2081 955 2152 rescriberemus.
972 2083 1101 2152 Vestris
1115 2084 1217 2172 igitur
1232 2086 1398 2173 perceptis
1414 2107 1504 2154 man·
1549 2071 1552 2077 ’

385 2193 474 2260 datis
489 2213 549 2263 nos
565 2191 599 2258 in
614 2189 761 2262 omnibus
777 2189 912 2258 obedire
923 2191 1102 2276 cupientes,
1119 2200 1328 2279 atteramur,
1346 2213 1446 2260 vnum
1463 2212 1504 2258 cx

384 2303 481 2372 nobis
496 2299 734 2369 transmisimus
750 2297 793 2366 ad
809 2301 960 2383 promissi
984 2301 1112 2388 negocii
1128 2301 1249 2369 scriem
1266 2302 1503 2385 exequendam,

298 2462 301 2470 .
385 2410 441 2495 qni
455 2408 585 2479 demum
600 2408 645 2476 ad
659 2427 720 2477 uos
735 2406 865 2474 rediens
890 2407 1065 2494 diligenter
1080 2427 1140 2494 por
1155 2428 1216 2475 nos
1232 2410 1407 2492 requisitus
1422 2407 1504 2476 reci·

385 2519 487 2604 tauit,
514 2516 602 2602 quod
626 2514 713 2584 idem
732 2514 923 2583 Dominicus
950 2516 1047 2584 home
1072 2523 1184 2583 uester
1199 2516 1390 2586 conuocatis
1407 2513 1504 2600 co(n·

386 2623 559 2712 meta)neis
569 2631 602 2694 et
617 2625 731 2692 vicinis
742 2623 848 2691 eidem
858 2623 1092 2708 adiacentibus,
1105 2622 1262 2691 videlicet
1273 2624 1403 2692 domita
1417 2625 1502 2690 Mar·

387 2734 449 2800 laus
464 2733 531 2800 filio
541 2730 704 2818 Farcasij,
721 2751 761 2797 ac
771 2731 902 2817 populis
917 2731 959 2797 de
975 2728 1056 2797 villa
1071 2731 1198 2817 Hudaz,
1214 2750 1275 2798 nec
1294 2751 1358 2796 non
1373 2730 1504 2796 homine

386 2842 534 2927 magistri
550 2842 709 2909 lohannis
725 2841 931 2926 presentibus
957 2839 1173 2907 reambulauit
1198 2841 1417 2926 prescriptam
1441 2845 1505 2906 ter·

389 2971 459 3017 ram
475 2949 636 3018 Gothardi
655 2949 727 3016 Rufi
743 2950 829 3018 Geru
845 2956 1008 3028 uocatam,
1025 2948 1080 3032 qui
1096 2950 1166 3014 sine
1181 2949 1303 3015 herede
1318 2947 1465 3016 decessit
1475 2955 1505 3013 et

385 3060 503 3130 statuit
516 3058 637 3126 eisdem
653 3058 821 3126 Herbordo
838 3066 870 3126 et
887 3057 1042 3126 fratribus
1058 3059 1125 3123 suis
1144 3057 1205 3123 sub
1221 3057 1390 3124 ueteribus
1407 3055 1503 3123 metis

385 3177 419 3235 ct
435 3169 584 3250 antiquis,
602 3166 842 3234 contradictore
852 3171 978 3256 nemine
989 3167 1159 3236 existente.
1189 3166 1360 3234 Datumin
1377 3170 1504 3233 octauis

383 3277 480 3344 ,Beati
496 3279 517 3346 J
520 3276 657 3344 ohannis
673 3277 835 3362 Baptista.

499 3386 569 3450 Nos
585 3385 706 3469 itaque,
724 3385 778 3469 qui
795 3405 836 3450 cx
852 3385 952 3472 oflicij
974 3385 1078 3450 nostri
1095 3383 1206 3451 debito
1226 3383 1336 3452 metiri
1345 3383 1503 3450 debemus

386 3495 503 3562 merita
519 3492 728 3577 singulorum,
745 3500 779 3558 et
794 3492 966 3577 unicuique
982 3494 1073 3558 iuxta
1094 3493 1294 3577 exigeuciam
1311 3491 1502 3558 meritorum

386 3602 603 3689 respondere,
630 3601 875 3668 considerantes
901 3601 1078 3670 fidelitates
1097 3607 1131 3667 et
1146 3601 1314 3667 meritoria
1340 3601 1501 3684 obsequia

385 3713 547 3783 Herbordi
564 3718 597 3776 ct
612 3711 746 3776 fratrum
764 3730 891 3778 suorum
903 3711 1139 3795 predictorum,
1156 3729 1219 3792 que
1234 3711 1267 3776 in
1279 3711 1420 3779 diuersis
1437 3729 1502 3775 ser-

385 3823 544 3891 uiciorum
560 3803 753 3906 generibus,
780 3829 812 3887 et
828 3823 1017 3907 specialiter
1033 3824 1064 3888 in
1082 3820 1233 3890 conflictu
1256 3829 1369 3889 nostro
1386 3827 1501 3886 contra

385 3931 556 3999 ulbertum
573 3929 696 3994 Drrcem
714 3930 854 4010 Austrie,
872 3931 976 4013 Regni
1001 3932 1104 3997 nostri
1124 3927 1232 4016 (tuuc)
1249 3930 1424 4014 capitalem
1440 3931 1500 3994 ini·

386 4042 513 4121 micum,
531 4040 654 4122 habito,
669 4039 723 4104 ubi
740 4038 838 4124 ijdem
854 4038 1039 4104 Harbordus
1056 4045 1089 4103 et
1104 4040 1273 4106 lohannes
1285 4039 1317 4103 iu
1335 4059 1501 4124 expugua-

387 4153 479 4218 cionc
497 4150 603 4220 Casiri
619 4151 704 4215 Boro
729 4149 846 4231 uocati,
863 4147 975 4214 letalia
990 4149 1127 4214 uulnera
1144 4150 1177 4212 iu
1194 4147 1263 4214 suis
1276 4149 1431 4216 membris
1449 4169 1499 4213 su·

387 4261 546 4324 stulerunt
554 4309 564 4343 ,
581 4263 677 4342 prout
691 4276 749 4341 per
765 4255 962 4323 relacionem
979 4260 1142 4322 Beronum
1163 4263 1345 4323 nestrorum
1360 4255 1501 4322 fideliter

388 4366 468 4433 inibi
485 4366 695 4432 existentium
726 4365 962 4445 intelleximus,
978 4367 1121 4433 fideliter
1146 4367 1382 4453 exhibuerunt,
1407 4371 1439 4434 in
1455 4387 1501 4432 rc

387 4476 689 4561 compensacionem
716 4495 826 4540 eorum
843 4475 983 4543 fidelium
1000 4479 1206 4562 meritorum,
1232 4496 1429 4561 quamquam
1446 4497 1502 4561 po

391 4589 479 4654 ciora
495 4595 527 4655 et
541 4588 700 4673 ampliora
722 4597 943 4675 mererentur,
961 4591 1064 4676 ipsam
1083 4599 1204 4658 terram
1229 4592 1319 4658 (loru
1335 4597 1500 4673 uocatam,

392 4716 464 4764 cum
481 4697 630 4762 omnibus
645 4694 839 4790 utilitatibus
859 4705 890 4765 et
906 4699 1120 4787 pertinencijs
1135 4703 1202 4771 suis
1219 4699 1391 4782 uniuersis,
1409 4697 1500 4764 dedi·
