3188 5238
74 1275 141 1344 III.
157 1275 267 1342 Endre
292 1271 398 1361 ktrdty
413 1297 434 1338 a
458 1273 553 1338 Hand
562 1274 715 1361 pozsonyi
728 1273 856 1363 pre'post
880 1278 911 1340 6⁸
926 1271 1034 1341 &dre
1049 1269 1193 1342 koaoaok

73 1385 159 1452 attat
173 1384 363 1450 eldmutatott
385 1382 582 1448 obirarokto't
596 1387 788 1470 mepdrtoea,
813 1383 893 1472 kopp
922 1385 1023 1449 Turno
1047 1385 1148 1450 cirola
1172 1409 1193 1449 c

71 1493 225 1580 pozsonyi
249 1491 428 1578 epybdzaalc
457 1491 744 1576 ujdndelooztatott‚
779 1503 830 1556 cat
855 1515 870 1556 c
888 1495 1004 1579 jdaadq
1028 1492 1192 1558 ciconiaco

74 1603 172 1666 Pc‘ter
208 1600 281 1664 beza·
312 1601 469 1686 kdpldcjo
493 1601 524 1663 ds
547 1598 626 1685 prof
652 1599 802 1686 Spattboi
834 1601 896 1666 Vid
926 1599 1006 1665 cluat
1031 1601 1195 1688 beiptutja.

589 1709 686 1772 1292.

163 1984 166 1990 Ι
186 1905 254 1972 Nos
271 1904 419 1972 Andreas
445 1903 508 1972 Dei
533 1905 646 1992 gracia
675 1900 825 1990 Vngarie‚
841 1907 1024 1988 Dalmecie,
1044 1905 1194 1989 croceio,

75 2015 193 2102 Reme,
210 2013 333 2097 Seruio,
351 2012 555 2095 Lodomerie,
572 2015 731 2084 dumanie
747 2015 967 2099 Bulgarieque
983 2015 1056 2083 Rex
1071 2011 1195 2101 signiti-

76 2143 193 2190 camus
205 2121 350 2188 omnibus
361 2122 478 2206 quibus
494 2121 628 2209 expedit
638 2123 844 2208 presencium
860 2143 920 2209 per
937 2130 1095 2203 tenorem,
1107 2121 1197 2207 quod

77 2251 152 2298 cum
171 2231 256 2296 circa
281 2228 398 2297 festum
424 2230 668 2298 Purificacionis
685 2234 785 2298 Beate
811 2231 915 2297 Mario
940 2229 1085 2313 Virginis
1109 2243 1197 2300 esse·

78 2321 153 2407 mus
170 2338 326 2424 Strigo-nij
336 2339 369 2404 in
385 2338 557 2423 presencia
568 2340 764 2407 venerabilis
776 2340 880 2424 patris
897 2339 1021 2409 domini
1035 2340 1199 2407 Lodome-

76 2448 121 2533 rij
148 2446 213 2511 Dei
237 2445 348 2528 gracia
373 2446 493 2512 Sancte
519 2446 755 2531 Strigoniensis
782 2446 932 2513 Ecclesie
948 2433 1214 2534 Archiepiscopi'

79 2554 294 2636 eiusdemque
310 2553 372 2619 loci
389 2553 524 2622 Comitis
540 2555 702 2642 perpetui,
720 2555 877 2640 magister
894 2554 991 2623 Haab
1008 2557 1198 2642 Propositus

79 2662 361 2748 EcclesieISancti
376 2663 556 2730 saluatoris
572 2663 613 2731 de
632 2664 784 2748 Posonio,
804 2665 855 2732 vir
869 2662 1074 2731 honorabitis
1092 2670 1125 2729 et
1151 2663 1198 2729 di·

80 2777 219 2852 scretus,
237 2776 269 2835 et
279 2771 433 2852 magister
443 2772 592 2839 Andreas
603 2773 734 2838 nomine
745 2771 886 2856 Capituli
903 2769 1049 2839 eiusdem
1065 2772 1128 2838 loci
1145 2790 1199 2837 ex-

80 2880 255 2947 hibnerunt
263 2878 359 2946 nobis
375 2879 476 2946 multa
494 2877 689 2947 documenta
703 2887 736 2946 et
751 2879 966 2948 instrumenta
982 2899 1081 2965 super
1096 2878 1195 2946 oolla-

83 2991 180 3056 cione
196 2987 589 3072 possessionisJohennis
607 2989 666 3073 filij
683 2989 771 3054 Petri
787 2988 894 3057 Turne
913 2995 1029 3057 vocate
1044 2984 1077 3053 in
1094 2988 1199 3057 (tomi-

83 3104 152 3164 tatu
173 3115 233 3163 seu
258 3095 408 3162 districtu
430 3095 515 3162 inter
538 3098 771 3167 Posoniensem
798 3097 970 3164 ciuitatem
997 3104 1030 3162 et
1054 3099 1198 3182 Tyrnam

85 3206 272 3288 constitute,
289 3203 406 3286 quibus
422 3205 645 3274 instrumentis
664 3226 724 3272 seu
735 3206 943 3272 munimentis
959 3211 1026 3270 tam
1042 3206 1198 3293 proprijs,

85 3335 185 3398 quam
201 3311 338 3380 alierum
358 3314 502 3383 locorum
518 3313 748 3402 sollempninm
758 3319 790 3382 et
806 3316 976 3404 multorum
993 3314 1133 3382 virorum
1144 3335 1198 3382 no·

84 3422 209 3504 biliam,
229 3440 268 3486 ao
278 3421 483 3507 professione
495 3423 735 3490 communitatis
749 3422 1039 3493 seuvninersitatis
1052 3423 1198 3491 eiusdem

85 3530 237 3599 Ciuitatis
267 3531 491 3616 Posoniensis,
515 3551 643 3598 necnon
668 3531 827 3600 nobilium
848 3529 1061 3614 jobagionum
1087 3534 1197 3621 castri,

85 3643 200 3725 quibus
227 3641 457 3728 perspicaciter
481 3640 681 3724 apparebat,
705 3641 792 3722 quod
808 3639 894 3707 idem
921 3639 1088 3708 Johannos
1112 3639 1197 3707 filius

85 3750 174 3817 Petri
190 3769 249 3835 pro
269 3748 448 3816 deuociono
464 3754 497 3816 et
521 3746 716 3816 fundacione
741 3748 824 3838 juris
842 3755 1036 3833 patronatus
1053 3750 1198 3816 eiusdem

85 3856 235 3924 Ecclesie
261 3859 355 3924 Santi
372 3856 574 3941 Saluatoris,
601 3855 657 3922 vbi
673 3875 801 3923 suorum
826 3862 996 3940 parentum
1013 3861 1046 3922 ot
1061 3876 1197 3923 auorum

85 3966 248 4034 tumulata
264 3986 400 4054 corpora
417 3967 633 4052 requiescunt,
651 3966 772 4062 dictam
789 3965 1031 4052 possessionem
1040 3965 1151 4031 Turne
1164 3965 1199 4032 in

85 4075 315 4164 proprietatem
341 4075 486 4144 eiusdem
501 4074 651 4143 Ecclesie
676 4075 793 4141 tamin
809 4083 922 4158 morte,
939 4092 1036 4157 quam
1052 4072 1136 4138 inter
1151 4075 1198 4139 ui·

84 4203 145 4251 uos
162 4183 304 4253 donasse
320 4190 354 4251 et
363 4184 493 4270 legasse
509 4190 666 4270 perpetuo
677 4181 920 4268 possidendam,
931 4180 1101 4248 vsufructn
1116 4181 1198 4248 eius·

85 4292 160 4360 dem
175 4292 406 4378 possessionis,
423 4291 499 4359 dum
515 4291 641 4360 uiueret
657 4291 720 4360 sibi
737 4289 959 4359 tantummodo
975 4295 1155 4374 reseruato,
1166 4295 1200 4357 et

86 4402 163 4468 dum
177 4399 272 4487 graui
288 4401 485 4470 infirmitatis
501 4403 587 4470 mole
602 4403 636 4484 in
653 4399 864 4488 expedicione
879 4399 995 4466 habita
1011 4398 1199 4466 eontraDu-

86 4530 157 4579 cem
173 4512 308 4579 Austrie
325 4512 415 4580 circa
431 4511 528 4580 Owar
543 4511 690 4599 grauiter
706 4515 891 4596 angeretur,
908 4508 967 4572 hoo
979 4505 1064 4572 idem
1079 4505 1111 4570 in
1127 4523 1199 4591 pre·

85 4621 200 4689 sencia
215 4619 389 4688 multorum
400 4620 613 4690 discretorum
629 4627 661 4688 et
670 4618 899 4706 religiosorum
915 4618 1057 4686 virorum
1072 4633 1113 4684 ac
1126 4633 1199 4700 per·

84 4747 240 4799 sonarum
259 4730 558 4799 ecclesiasticarum
573 4729 751 4800 asseruerit
767 4728 901 4796 inlecto
917 4721 1110 4810 egritudinis
1121 4741 1199 4789 con-
