3188 5238
93 1264 138 1330 Aa
163 1265 283 1352 erddlyi
305 1265 460 1354 ledptctaa
476 1265 754 1354 dizouyadplevolc,
771 1267 850 1354 hoyy
870 1267 1039 1334 Toroezlroi
1066 1267 1210 1336 Chelleus

94 1373 391 1460 Gerebenoolrelyrc'p
398 1372 567 1459 folortczdt
582 1373 833 1440 uuoltodcocscire
858 1376 1006 1440 Iatodruro
1022 1379 1053 1441 c'a
1069 1377 1211 1444 murae

499 1483 676 1548 dtrulrdata.
701 1483 799 1547 1294.

196 1699 383 1788 Capitulum
408 1700 556 1766 Ecclesia
572 1700 666 1765 Beati
682 1699 854 1767 Michaelis
869 1699 1070 1786 Archangeli
1086 1702 1208 1770 'l'rans-

94 1807 227 1892 sitione,
245 1808 405 1874 uniuersis
422 1805 546 1887 Christi
566 1807 720 1874 fidelibus
737 1815 803 1872 tam
820 1807 1029 1891 presentibus
1047 1827 1144 1892 quam
1161 1810 1209 1875 fu-

93 1919 181 2000 turis,
196 1936 333 2003 presens
351 1915 503 1999 seriptum
515 1915 717 1998 ¹inspecturis
739 1917 877 1982 salutem
894 1917 927 1980 in
944 1915 1087 1983 omnium
1103 1917 1210 1983 salua·

93 2033 168 2092 tore.
186 2025 419 2100 Vniuersorum
430 2023 549 2090 notioie
564 2023 680 2090 harum
697 2022 782 2091 serie
799 2023 1015 2106 declaramus,
1034 2023 1122 2106 quod
1138 2044 1210 2090 ma·
1332 2114 1335 2124 t

93 2134 191 2218 gister
207 2133 361 2202 Ohelleus
379 2132 467 2199 lilius
488 2131 642 2200 Chelleus
659 2130 700 2196 de
717 2129 901 2215 Turuzhov‚
919 2131 1140 2216 personaliter
1157 2152 1209 2198 co·

93 2262 156 2306 ram
174 2243 273 2308 nobis
289 2239 517 2326 compareudo,
543 2241 679 2308 totalem
696 2239 908 2306 medietatem
935 2239 1104 2308 cuiusdam
1120 2237 1211 2307 herc-

92 2349 207 2416 ditarie
224 2357 309 2416 terre
326 2369 394 2430 sue,
412 2355 448 2414 ut
458 2347 542 2414 idem
559 2348 655 2432 dixit,
668 2347 993 2432 Gerebenesuooata,
1004 2349 1037 2415 in
1049 2347 1211 2415 Oomitatu

93 2459 130 2524 de
145 2455 281 2524 Thorda
307 2460 496 2542 existentis,
523 2476 594 2522 oum
613 2457 761 2523 omnibus
778 2457 975 2525 utilitatibus
992 2459 1061 2526 suis
1081 2465 1114 2526 et
1138 2477 1206 2544 pcr-

93 2567 253 2650 tinenoiis,
268 2567 329 2634 sub
347 2566 473 2632 eisdem
489 2565 631 2649 antiquis
643 2567 748 2649 metis,
767 2567 881 2651 signis,
898 2585 957 2634 seu
974 2567 1130 2650 terminis,
1142 2566 1212 2649 qui·

93 2673 149 2740 bus
166 2695 242 2742 earn
259 2675 375 2742 habuit
403 2679 436 2739 et
451 2673 610 2760 possedit,
628 2673 729 2760 dedit,
747 2676 891 2754 donauit,
903 2682 936 2743 et
951 2673 1210 2742 irreuocahiliter

92 2783 223 2850 contulit
241 2781 388 2866 cognatis
415 2783 500 2868 eius,
516 2781 686 2866 Stephano
704 2783 839 2869 scilieet,
858 2791 890 2850 et
908 2782 1040 2850 Andree
1056 2783 1131 2848 filiis
1147 2781 1211 2850 He·

91 2893 232 2978 lemban,
252 2892 372 2976 genitis
388 2911 430 2956 ex
450 2891 583 2957 domina
598 2911 717 2974 sorore,
734 2891 873 2976 predicti
883 2889 1036 2959 Cholleus
1047 2928 1090 2938 —
1106 2927 1149 2939 -
1168 2927 1210 2940 -

91 2999 147 3085 sui,
158 3009 192 3067 et
202 3020 265 3085 per
276 3020 333 3069 eos
344 3000 521 3066 eorundem
533 3000 776 3068 successoribus
788 3002 856 3066 iure
873 3007 1030 3086 perpetuo
1040 2998 1212 3086 possiden-

91 3107 164 3174 dam
181 3115 215 3176 et
232 3109 427 3176 habendam.
454 3110 491 3174 In
508 3107 599 3174 ouius
625 3109 672 3172 rei
697 3109 928 3194 testimonium,
950 3115 1209 3195 perpetuamque

90 3213 283 3303 firmitatem,
301 3217 555 3302 adpetitionem
573 3223 604 3282 et
620 3208 814 3284 in’stanoiam
835 3216 1056 3302 predictorum
1075 3237 1207 3303 presen-

91 3331 137 3390 tes
154 3321 381 3393 concessimus
392 3327 521 3391 litteras
532 3324 706 3390 munimine
717 3325 817 3390 nostri
833 3323 935 3406 sigilli
951 3325 1132 3390 roboratas.
1143 3321 1211 3391 Da·

89 3439 154 3499 tum
165 3433 325 3518 magistro
336 3433 497 3500 Michaele
507 3433 688 3519 Proposito,
700 3433 857 3515 Gregorio
870 3431 1020 3520 (lentore,
1032 3433 1136 3500 Paulo
1148 3431 1210 3500 Gu-

91 3541 191 3620 stode,
208 3542 308 3608 Petro
328 3539 570 3607 Archidiaoono
596 3540 638 3606 de
655 3539 743 3622 Olus,
776 3539 909 3605 Decano
926 3540 1075 3608 Ecclesia
1100 3546 1210 3608 nostre

92 3649 317 3718 existentibus.
333 3651 426 3715 Anno
443 3647 574 3720 Domini
591 3647 648 3712 Mt
667 3647 746 3752 00⁰.
763 3647 978 3733 nonagesimo
995 3653 1119 3738 quarto.

91 3861 230 3934 (Teutsch
243 3861 275 3918 ds
287 3861 447 3919 Firnhaher
460 3859 695 3919 Urlrundenbuoh
708 3877 758 3917 nur
777 3857 951 3918 Geschichte
975 3858 1209 3934 Siehenbtirgens

537 3953 558 4008 Ι.
571 3951 630 4009 kot.
651 3951 712 4009 188.
725 3950 756 4022 l.)

523 4242 785 4253 ...Μ-ι
