3188 5238
569 347 723 454 ..rs

94 546 182 630 Petri,
198 545 406 613 etLotarinm
416 543 517 614 tilium
533 545 660 612 Thcme
670 563 712 611 ex
727 547 842 631 altera,
853 552 1049 634 superterra
1064 547 1201 636 Bekasy

95 660 201 721 uocata
210 653 252 718 lis
269 659 302 720 et
316 653 487 722 contencio
503 654 619 721 fuisset
635 651 797 743 exciteta;
814 655 948 723 tandem
964 676 1023 742 per
1032 655 1202 724 arbitrium

93 762 216 833 Comitis
231 762 399 848 Furiasij,
411 763 548 834 comitis
564 761 736 830 Michaelis
755 763 1024 851 uduornicorum,
1036 763 1138 834 (iham
1155 799 1197 813 -

98 908 130 919 -
145 909 186 921 -
202 871 280 942 dicti
296 873 328 938 in
345 872 445 940 talem
462 874 557 961 pacis
582 881 615 940 et
632 873 760 940 unionis
777 875 984 942 concordiam
1002 875 1155 942 dixerunt
1164 894 1201 942 se
1314 965 1319 970 Ι

91 981 297 1066 personaliter
312 980 480 1050 constituti
496 979 690 1049 deuenisse:
708 980 796 1066 quod
821 979 1002 1050 secundum
1028 983 1202 1049 arbitrium

91 1088 238 1156 dictorum
255 1088 409 1156 bonorum
421 1089 564 1156 virorum
580 1087 671 1156 dicta
686 1095 774 1156 terna
790 1091 935 1177 Bekasy,
949 1111 1044 1175 qnam
1060 1089 1202 1174 quedam

91 1195 175 1280 palus
199 1195 398 1264 Gemchetcv
423 1201 540 1262 uocata
561 1195 703 1277 vndique
722 1195 846 1278 circuit,
870 1195 903 1262 in
923 1198 975 1264 ins
992 1204 1026 1263 et
1040 1200 1203 1283 perpetui·

89 1310 181 1370 tatem
206 1303 456 1370 cumomnihns
481 1303 678 1371 utilitatibus
703 1303 772 1370 suis
798 1309 831 1369 et
851 1305 1076 1391 pertinencijs,
1105 1304 1201 1374 dictis

89 1410 212 1490 'lhoma
229 1410 361 1480 Lotario
379 1417 412 1477 et
425 1411 570 1478 Johanni
586 1411 750 1478 extitisset
767 1411 932 1498 deuolute,
956 1415 1049 1484 cuius
1065 1414 1200 1498 paludis

22 1551 23 1558 κ
89 1520 209 1604 equalis
234 1540 314 1608 pars
330 1525 498 1609 spectaret
517 1527 549 1585 ct
566 1519 744 1605 pertineret
759 1519 803 1586 ad
829 1520 1035 1607 supradictos
1060 1524 1201 1609 populos

88 1629 222 1714 Regulos
249 1628 290 1696 de
315 1635 453 1714 quatuor
478 1629 563 1694 villis
589 1628 699 1696 Luchs
726 1629 876 1713 superius
905 1631 1102 1713 nominatis,
1132 1631 1201 1698 alia

89 1757 158 1804 uero
174 1738 299 1823 equalis
316 1758 394 1822 pars
420 1743 588 1824 spectaret
604 1743 637 1804 et
653 1736 833 1823 pertineret
849 1737 983 1826 Thorne,
1000 1739 1146 1809 lohanni
1171 1745 1203 1805 et

88 1847 211 1914 helario
227 1847 432 1933 prenotatis;
449 1845 524 1912 item
540 1843 582 1910 de
599 1841 744 1911 secunda
754 1843 874 1928 palude
890 1845 1011 1914 Iallov
1022 1845 1201 1932 nominata,

89 1975 126 2021 ex
141 1976 205 2042 qua
220 1957 310 2042 prior
334 1957 430 2042 palus
459 1953 604 2023 Gemche
620 1960 698 2040 eryt
714 1958 748 2019 et
765 1953 942 2040 egreditur,
968 1954 1121 2039 Thomas,
1145 1957 1201 2024 Jo-
1232 1981 1242 2002 .

88 2061 206 2131 hannes
233 2071 267 2131 et
287 2057 442 2130 ¹Lutarius
468 2060 591 2127 nullam
616 2065 742 2145 partem
758 2060 911 2147 habeant,
928 2064 988 2130 sed
1012 2064 1143 2130 omnino
1160 2061 1203 2130 ad

87 2173 219 2259 populos
246 2173 408 2239 dictarum
433 2175 571 2255 quatuor
597 2169 744 2236 villarum
760 2169 928 2257 pertineat
943 2177 1041 2254 atque
1064 2176 1203 2256 spectet,

87 2299 143 2348 nec
166 2281 254 2348 idem
281 2280 444 2358 Thomas,
470 2277 641 2346 Johanrres
658 2285 691 2346 et
717 2275 869 2346 Lotarius
886 2275 927 2346 de
943 2279 1065 2364 palude
1082 2279 1203 2350 Kallov

86 2395 198 2457 uocata
213 2397 341 2477 partem
358 2389 538 2472 aliqualem
554 2387 618 2453 sibi
645 2394 677 2455 et
703 2387 772 2455 suis
788 2383 939 2473 posteris
958 2389 1088 2474 possint
1114 2408 1202 2458 vsur-

86 2518 179 2582 pare,
196 2499 347 2566 similiter
363 2505 397 2565 et
411 2497 523 2584 populi
535 2496 678 2579 Regales
698 2496 742 2563 ad
758 2499 946 2582 porcionem
963 2497 1108 2583 ipsorum
1125 2517 1203 2567 snas

86 2627 196 2674 manus
212 2626 277 2672 non
294 2601 472 2672 extendere
495 2607 634 2688 possunt
650 2602 702 2668 vel
721 2604 886 2688 ualebunt,
903 2603 965 2672 sed
980 2605 1202 2690 unusquisque

85 2721 339 2802 erumpentem,
365 2713 517 2779 iniuriam
533 2713 622 2798 parti
638 2714 735 2779 alteri
759 2709 874 2781 nonin
900 2711 1042 2796 ferendo,
1067 2712 1203 2798 pacifice

85 2823 265 2912 possidebit
281 2829 314 2888 et
329 2821 456 2909 quiete;
481 2841 541 2888 nec
566 2821 651 2886 inter
667 2819 757 2906 ipsos
774 2820 848 2887 rixa
863 2821 915 2889 uel
941 2821 1113 2888 contencio
1130 2843 1202 2906 pro·

85 2952 176 3003 cessu
191 2941 372 3016 temporum
388 2930 520 2999 racione
548 2927 669 3014 prioris
686 2929 802 2995 iniuria
827 2927 1012 2996 monebitur
1037 2929 1203 3013 aliqualis.

85 3045 186 3129 Super
203 3041 299 3110 euius
315 3041 466 3108 firmitate
490 3041 537 3106 rei
549 3045 653 3124 atque
679 3040 778 3108 robur
794 3045 907 3122 partes
923 3037 1009 3104 inter
1025 3057 1061 3102 se
1076 3037 1203 3106 litteras

85 3139 226 3236 Capituli
237 3147 447 3216 Posoniensis
461 3147 586 3216 facient
597 3148 753 3214 emanari.
770 3139 889 3214 Datum
900 3148 935 3214 in
945 3143 1119 3215 Dominica
1129 3166 1202 3233 pro-

83 3259 168 3326 xima
185 3267 263 3346 post
279 3264 413 3325 octavas
430 3257 527 3324 Beati
552 3256 671 3324 Jacobi
687 3255 858 3342 Apostoli,
883 3275 970 3323 anno
986 3256 1119 3322 Domini
1134 3257 1202 3322 mil-

83 3367 195 3435 lesimo
211 3366 437 3434 ducentesimo
463 3363 675 3448 nonagesimo
693 3363 817 3448 quinto.

83 3562 208 3636 (Hartya
234 3579 253 3618 a
274 3566 359 3619 vitriis
381 3561 447 3617 ndld
476 3561 629 3632 selyemrdl
653 3559 772 3634 leidggb'
793 3557 894 3632 peosdt
915 3557 981 3633 meg
1012 3558 1135 3634 egdsnen
1158 3557 1203 3631 dp.

81 3652 372 3726 Poasonylrriptaleni
393 3652 530 3725 orsnagos
550 3649 683 3710 leveltar.
703 3651 801 3726 Capsa
820 3650 898 3709 XIV.
921 3652 1004 3708 Fasc.
1024 3655 1049 3706 2.
1071 3651 1140 3708 Nro.
1158 3650 1203 3705 23.

590 3745 703 3814 Kaous.)

518 4035 765 4050 ...μω-...ωσ-

138 4819 239 4864 trem
250 4818 331 4864 EURG.
346 4816 413 4859 HIS'l'.
423 4831 450 4844 ·-·
459 4815 526 4856 NH«.
536 4812 568 4856 10.
