3166 5238
634 981 691 1048 Ol.

91 1178 139 1265 Aa
154 1127 277 1267 autolye·
290 1179 445 1268 koptnhza
469 1180 732 1270 biaocpsrtplaoelc
741 1235 751 1268 ‚
776 1179 859 1270 hopy
875 1179 1048 1249 Pulothlac'
1063 1183 1170 1250 Jcaos
1185 1187 1217 1250 cs
1334 1239 1340 1247 .
1450 1261 1458 1279 ·

93 1288 229 1380 Gcrpcly
244 1289 470 1357 Pulothlcdban
485 1295 517 1358 6⁸
530 1293 655 1380 colony
672 1294 741 1358 mdo
756 1291 936 1379 helyscpbcn
947 1291 1015 1358 leoli
1026 1291 1216 1360 hirtohccut

260 1395 429 1484 fclercezit
443 1399 570 1489 Gyopyi
584 1400 771 1466 Mttlcseut
787 1399 925 1466 clcdtctlc.
943 1401 1041 1466 1296.

205 1598 276 1668 Nos
301 1596 492 1684 capitulum
518 1598 671 1669 Ecclesie
692 1599 790 1668 Beati
814 1595 989 1668 Michaelis
1013 1596 1216 1684 Archangeli

89 1707 326 1785 'l'rausilvanie
348 1706 554 1796 presencium
578 1728 639 1795 per
664 1713 813 1777 tenorem
838 1705 1064 1794 significamus
1095 1708 1213 1790 quihus

89 1817 227 1906 expedit
241 1816 424 1904 universis,
450 1815 538 1902 quod
562 1815 715 1887 Johanne
741 1824 775 1885 et
794 1815 955 1903 Gregorio
980 1818 1059 1886 filiis
1075 1819 1213 1887 Iwanka

88 1927 127 1995 (le
143 1925 312 1994 Palathlra
329 1946 371 1994 cx
395 1945 463 1994 una
477 1931 593 2012 parte,
619 1947 662 1994 ac
679 1925 806 1994 Gemite
823 1926 963 1994 Nicolao
989 1926 1058 1995 filio
1081 1923 1213 1995 Andree

87 2034 126 2105 de
140 2034 242 2123 Gyog
259 2055 301 2103 ex
318 2037 425 2104 altera
434 2085 444 2121 ,
462 2053 576 2103 coram
590 2035 687 2122 nobis
704 2025 911 2118 constitutis,
928 2031 1016 2102 idem
1032 2033 1210 2117 lohannes,

86 2150 116 2212 et
140 2143 323 2228 Gregorius
348 2143 496 2211 confessi
522 2150 597 2210 suut
621 2169 630 2212 ε
657 2142 872 2211 medietatem
906 2143 1130 2228 possessionis
1153 2162 1213 2212 sue

86 2253 253 2322 Palathka
268 2258 407 2336 uocate,
434 2258 468 2320 et
484 2251 626 2321 aliarum
643 2257 784 2337 quatuor
809 2269 962 2320 arearum
985 2252 1211 2340 Mykotelukc,

87 2360 410 2448 Thehuenusteluke,
425 2369 459 2429 et
474 2363 590 2446 Legun
607 2368 808 2446 vocatarum,
825 2361 923 2430 simul
940 2379 1013 2428 cnm
1032 2358 1211 2428 medietate

87 2474 178 2559 sylue
189 2472 311 2540 Hintus
326 2475 456 2550 vocate,
472 2469 506 2537 in
522 2491 586 2538 uno
603 2471 730 2540 ambitu
743 2473 804 2541 suh
821 2471 921 2538 certis
940 2468 1054 2550 mertis
1070 2471 1211 2540 inclusa-

86 2601 164 2668 rum,
180 2599 270 2647 nunc
285 2579 478 2654 habitatore
494 2582 698 2666 curencium,
724 2579 913 2650 vendidisse
937 2580 1005 2669 ipsi
1022 2580 1142 2650 Oomiti
1155 2581 1211 2650 Ni-

86 2690 186 2776 colao‚
204 2694 240 2756 et
254 2707 315 2774 per
329 2708 403 2756 cnm
419 2688 490 2756 suis
507 2689 703 2771 heredibus,
728 2688 955 2776 heredumque
980 2709 1112 2758 suorum
1139 2709 1211 2760 suc-

85 2798 270 2867 cessorihus
294 2807 454 2884 perpetuo
481 2806 515 2868 et
540 2799 802 2881 irrevocabiliter
827 2800 1067 2887 possidendam
1095 2805 1127 2869 et
1151 2799 1208 2869 ha-

84 2909 238 2992 bendam,
255 2927 314 2993 pro
329 2909 544 2996 septuaginta
559 2910 681 2978 marcis
697 2909 920 2995 denariorum,
944 2912 978 2977 in
995 2907 1209 2989 estimacione

88 3017 243 3086 murarios
257 3017 384 3085 valenti
399 3019 497 3103 plene
514 3024 629 3104 recept
639 3051 683 3066 -
698 3051 743 3069 -
759 3027 795 3085 et
810 3019 933 3088 habitis
950 3015 1121 3086 allicolao
1136 3037 1208 3104 pre·
1241 3105 1243 3112 Ι

84 3125 149 3192 lato
164 3145 226 3209 per
243 3123 387 3193 cosdem.
412 3125 454 3191 Et
469 3131 506 3192 ut
520 3125 711 3214 hujusmodi
737 3126 865 3211 empcio
881 3132 914 3194 et
941 3125 1094 3194 vendicio
1110 3131 1209 3197 rohur

86 3235 234 3302 obtineat
250 3241 407 3321 perpetue
422 3235 595 3320 firmitatis,
607 3233 651 3304 erl
661 3236 864 3304 instanciam
884 3241 917 3302 et
932 3234 1128 3322 peticionem
1149 3256 1209 3322 per

87 3362 156 3411 cnm
172 3348 346 3432 presentes
373 3344 597 3412 concessimus
613 3343 764 3428 litteras,
790 3341 893 3430 sigilli
909 3344 1011 3414 nostri
1031 3345 1206 3412 munimine

88 3452 270 3521 roboratas.
296 3452 420 3521 Datum
436 3452 605 3523 Sabbatho
626 3453 777 3541 proximo
797 3461 876 3521 ante
892 3450 1073 3536 quindenas
1088 3455 1206 3522 Resur-

91 3560 253 3632 reocionis
268 3561 408 3638 Domini,
424 3581 511 3630 auno
527 3562 659 3632 Domini
675 3563 718 3630 hl.
735 3561 798 3630 00.
815 3561 1028 3650 nonagesimo
1046 3569 1150 3632 sexto.

84 3754 223 3828 (Teutsch
237 3755 269 3816 es
282 3755 443 3818 Firnhaber
462 3757 651 3817 Urkundenb.
671 3776 696 3816 r.
710 3757 814 3820 Gcsch.
835 3757 1076 3823 statunculae
1095 3759 1158 3821 193.
1171 3759 1204 3832 l.)

502 4045 776 4065 m
