3262 5242
401 1217 462 1283 IV.
479 1219 597 1284 Milelo'r
607 1223 699 1306 pdpa
715 1243 736 1283 c
755 1219 934 1284 Bosznidbo
948 1219 1061 1284 indulo'
1083 1219 1381 1306 hitinqaiac'torokat
1399 1216 1536 1282 Milesio

475 1325 555 1392 Uror
567 1328 675 1391 latoria
690 1327 825 1391 acerbiori
834 1327 943 1416 kbcty
955 1326 1189 1414 pdrlfopdsctba
1206 1329 1348 1414 ojdolja.
1366 1327 1471 1390 1291.

508 1545 666 1613 Nicolaus
692 1543 876 1634 Episcopus
901 1563 1014 1613 seruus
1031 1559 1200 1612 seruorum
1218 1544 1282 1612 Dei
1305 1543 1489 1611 carissimo
1507 1541 1539 1608 in

401 1651 531 1720 Christo
548 1652 614 1720 filro
632 1653 665 1719 S
683 1653 766 1736 Regi
791 1653 906 1720 Servio
922 1654 1061 1721 salutern
1087 1658 1120 1719 et
1139 1654 1369 1738 Apostolicam
1397 1648 1540 1717 benedi·

400 1763 551 1829 ctionem.
571 1760 733 1839 Quoniam
751 1762 835 1830 inter
851 1767 961 1829 cetera
986 1759 1104 1828 mentis
1121 1767 1235 1828 nostre
1258 1758 1434 1826 desideria
1454 1757 1540 1826 illud

401 1870 521 1937 insidet
546 1868 751 1954 potissimum
778 1869 871 1936 cordi
897 1875 1028 1953 nostro,
1054 1867 1191 1937 uirides
1218 1869 1417 1950 catholica,
1437 1885 1541 1953 quam

401 1987 501 2061 tenet,
517 1978 690 2062 profitetur
707 1985 740 2044 e
727 1977 854 2046 tdocet
871 1975 1092 2046 Sacrosancta
1111 1979 1263 2044 Romana
1277 1977 1450 2062 Ecclesia,
1470 1995 1539 2041 ma

399 2091 450 2152 ter
464 2087 691 2154 universorum
707 2085 853 2152 fidelium
870 2091 903 2151 et
919 2084 1088 2170 magistra,
1109 2083 1257 2152 votivum
1285 2089 1318 2151 et
1335 2083 1411 2149 Deo
1441 2101 1539 2150 acce-

400 2200 490 2280 ptum
507 2193 676 2279 suscipiat
687 2213 725 2259 eo
742 2193 894 2278 propitio,
909 2194 1030 2260 nostris
1047 2194 1251 2278 temporibus
1269 2193 1536 2276 incrementum

400 2297 519 2384 grandi
535 2319 687 2366 mmrrum
697 2301 897 2366 exultatrone
908 2299 1142 2386 perfundimur
1158 2321 1231 2367 cum
1242 2300 1288 2367 ad
1299 2307 1452 2366 nostrum
1463 2320 1537 2384 per

400 2407 512 2476 venire
529 2408 691 2494 contingit
707 2405 864 2494 auditum,
875 2408 961 2493 quod
972 2408 1084 2476 mnndi
1100 2411 1212 2494 Reges
1228 2416 1262 2473 et
1278 2408 1454 2495 Principes
1472 2411 1536 2476 Re·

402 2518 453 2602 gis
470 2517 584 2600 eterni,
601 2515 694 2583 cuius
720 2518 888 2600 negotium
904 2518 1028 2600 geritur
1052 2517 1295 2602 principalius
1286 2538 1320 2583 ιιι
1337 2517 1404 2583 hac
1425 2526 1535 2603 parte,

398 2647 435 2694 se
450 2624 665 2713 beneplacitis
679 2631 874 2712 coaptantes
886 2625 930 2694 ad
945 2625 1168 2710 ampliandum
1186 2629 1311 2693 cultum
1327 2626 1407 2692 fidei
1425 2627 1537 2695 ortho-

398 2733 484 2802 doxe
500 2733 738 2819 magnitudinis
753 2751 811 2800 sue
828 2734 915 2800 colla
930 2733 1111 2814 subiciunt,
1137 2743 1171 2802 et
1190 2734 1455 2803 ascendentibus
1490 2757 1531 2802 ex

399 2842 540 2910 adverso
558 2842 680 2910 virtute
696 2841 821 2908 inducti
837 2861 878 2908 ex
894 2843 960 2908 alto
970 2850 1129 2928 prompte,
1147 2841 1339 2912 sollicitet
1307 2865 1323 2911 s
1326 2841 1461 2911 tudiose
1479 2863 1534 2930 op·

399 2957 532 3033 ponunt.
550 2951 639 3016 Sane
655 2967 729 3018 cum
745 2955 800 3034 tu,
817 2949 862 3014 fili
878 2949 1068 3030 carissime,
1086 2950 1157 3016 zelo
1177 2949 1255 3016 fidei
1272 2969 1313 3016 ac
1339 2950 1534 3018 devotionis

400 3076 561 3124 accensus
578 3075 637 3139 per
653 3055 808 3122 dilectum
824 3055 924 3123 filium
941 3056 1101 3123 Marinum
1117 3055 1415 3143 Archiepisoopum
1443 3059 1534 3126 Anti-

399 3167 584 3243 barensem,
600 3171 655 3232 tue
680 3162 892 3231 Celsitudinis
908 3163 1064 3229 Nuntium
1076 3165 1324 3248 ‚Apostolatui
1340 3172 1462 3232 nostro
1478 3165 1534 3232 du·

397 3277 485 3342 xeris
501 3271 932 3358 humilitersupplicandum‚
940 3271 1160 3356 quodcumin
1176 3273 1327 3357 partibus
1345 3275 1463 3342 Bosne
1480 3283 1534 3342 tue

400 3383 516 3449 ditioni
533 3382 690 3451 subiectis
708 3380 774 3444 sint
790 3396 887 3464 quam
903 3379 1033 3465 plurimi
1049 3379 1198 3448 heretica
1215 3381 1384 3465 pravitate
1401 3383 1531 3469 insecti,

399 3491 454 3574 qui
470 3512 491 3556 a
507 3488 625 3555 semita
641 3485 789 3554 veritatis
815 3481 945 3552 adversi
960 3504 1019 3571 per
1043 3485 1200 3556 falsitatis
1216 3488 1353 3556 devium
1370 3489 1536 3612 dampna·

399 3598 507 3666 biliter
530 3597 741 3670 oberrantes,
765 3593 920 3660 insterni
944 3592 1045 3676 Regis
1071 3602 1315 3682 contemptum,
1342 3598 1534 3668 animarum

398 3726 531 3774 suarum
547 3702 683 3770 evidens
706 3701 885 3788 periculum
903 3706 936 3766 et
960 3703 1176 3789 scandalum,
1193 3703 1293 3772 iidem
1315 3705 1532 3777 Catholicam

399 3815 586 3899 depravare
601 3806 788 3895 pernitiosis
805 3826 863 3875 seu
878 3809 1043 3893 pestiferis
1062 3805 1130 3877 suis
1149 3811 1394 3882 assertionibus
1421 3818 1533 3886 multi-

397 3921 526 4008 pliciter
550 3917 745 3998 moliuntur‚
762 3915 890 3998 aliquas
909 3932 1069 3997 personas
1084 3917 1238 4004 ydoneas
1264 3922 1416 4006 regionis
1440 3925 1533 3994 illins

397 4029 577 4117 ydiomatis
592 4046 658 4093 non
673 4024 818 4109 ignaras,
836 4042 974 4106 quarum
994 4028 1202 4094 conversatio
1220 4049 1294 4096 cum
1314 4033 1461 4100 salutari
1480 4057 1532 4102 eo·

398 4160 470 4206 rum
486 4137 635 4206 doctrina
645 4133 856 4212 concordans,
866 4131 1066 4200 intuentibus
1077 4153 1225 4203 normam
1240 4137 1387 4206 honeste
1396 4143 1536 4211 vivendi

398 4246 534 4329 tribuat,
552 4250 585 4311 et
604 4243 788 4328 exemplum
813 4237 949 4324 prebeat
964 4240 1136 4328 puritatis,
1153 4244 1286 4312 mittere
1313 4247 1535 4334 dignaremur

398 4354 443 4421 ad
458 4359 570 4441 partes
587 4350 742 4433 easdem;
767 4355 802 4414 ut
817 4344 1002 4414 huiusmodi
1028 4350 1147 4417 erroris
1174 4351 1351 4422 eliminata
1371 4359 1533 4446 caligine,

398 4461 579 4530 ministerio
596 4457 771 4526 eorundem
787 4453 993 4523 habitatores
1013 4456 1142 4524 illarum
1159 4461 1304 4546 partium
1325 4465 1372 4531 ad
1389 4469 1535 4552 agnitio·

397 4591 470 4638 nem
486 4588 563 4637 vere
579 4565 673 4648 fidei,
700 4564 832 4651 superni
847 4563 976 4630 luminis
992 4564 1174 4634 irradiante
1200 4568 1322 4653 gratia,
1345 4574 1532 4646 salubriter

396 4677 611 4760 reducantur3
628 4683 717 4742 tuum
740 4672 880 4738 offerens
898 4671 1065 4741 consilium
1093 4681 1126 4742 et
1142 4679 1303 4747 auxilium
1319 4682 1367 4749 ad
1383 4702 1531 4754 errorem
