3188 5238
875 367 919 438 80

893 459 973 468 -..α
1019 459 1021 462 ·

337 567 372 630 ut
387 561 486 634 moni
496 565 689 637 llioihonis
704 566 827 636 homini
842 574 965 655 nostro,
975 587 1067 638 suum
1083 565 1200 637 darant
1212 567 1445 654 testimonium,

334 689 444 741 coram
458 691 530 760 qao,
548 675 635 744 idem
652 677 774 745 Jlrones
789 675 1010 746 reambularet
1024 675 1146 746 dictam
1156 682 1286 766 terram,
1303 685 1337 746 et
1353 677 1382 745 si
1397 679 1444 744 in·

335 780 462 848 ueniret
486 801 558 850 eam
585 782 630 852 ad
654 792 800 854 nostram
825 784 1038 854 collacionem
1063 786 1296 872 pertinentem,
1322 791 1447 854 statuet

335 887 481 975 predicto
497 891 664 978 Stephano
680 891 809 961 nemine
828 892 1066 963 contradictore
1088 895 1268 980 existente,
1285 895 1446 963 contradi-

336 1009 442 1072 ctores
458 1023 546 1091 uero,
563 1002 664 1088 siqui
680 1005 797 1088 forent,
820 1005 863 1072 ad
878 1012 1024 1074 nostram
1039 1003 1241 1091 presenciam
1261 1013 1446 1074 edocerent.

335 1109 428 1192 Quod
443 1110 573 1194 quidem
584 1111 768 1198 Capitulum
783 1112 877 1180 nobis
890 1111 1096 1199 postmodum
1111 1113 1349 1200 rescripserunt
1364 1111 1447 1202 (lgy)

334 1220 440 1288 inbec
456 1221 568 1287 uerba.

441 1327 722 1398 Excellentissimo
739 1328 869 1398 domino
885 1349 955 1415 sao,
970 1330 1103 1400 Andree
1119 1329 1182 1400 Dei
1198 1332 1311 1416 gracia
1327 1331 1449 1399 Illustri

334 1437 417 1520 Regi
433 1437 600 1524 Hungarie
616 1437 800 1522 capitulum
817 1438 971 1507 Albensis
987 1439 1138 1507 Ecclesie
1155 1441 1392 1508 Transsiluane
1403 1440 1449 1505 in·

335 1545 546 1614 clinaeionem
562 1552 595 1615 et
611 1547 795 1616 oracionem
805 1547 839 1613 in
855 1548 1006 1635 Domino,
1022 1547 1151 1618 debitas
1168 1555 1201 1614 et
1216 1547 1365 1618 denotas.
1383 1548 1449 1614 Lit-

335 1660 426 1722 teras
441 1660 550 1723 uestro
567 1655 763 1723 Serenitatis
778 1655 960 1742 recepimus
983 1656 1016 1725 in
1032 1657 1094 1724 hec
1111 1660 1235 1726 uerba:

441 1763 590 1834 Andreas
605 1763 668 1832 Dei
694 1763 808 1850 gracia
823 1765 893 1832 Rex
918 1765 1105 1854 Hungarie,
1131 1765 1282 1833 fidelibus
1299 1759 1380 1849 suis,
1392 1765 1450 1833 Oa·

334 1873 436 1962 pitulo
460 1874 614 1942 Albensis
639 1875 787 1943 Ecclesia
813 1872 1052 1944 Transsiluane
1077 1878 1268 1944 salutemet
1293 1875 1448 1963 greciam.

335 1982 520 2068 Stephanus
536 1983 625 2052 filius
640 1982 768 2051 Mathai
784 1983 826 2052 de
843 1983 934 2053 Ohau
962 1984 1123 2068 quandam
1140 1992 1261 2053 terram
1279 1984 1380 2052 castri
1396 2005 1448 2050 no·

336 2093 397 2158 stri
413 2089 453 2158 de
477 2092 592 2160 chuk
607 2094 725 2160 Kerew
748 2098 899 2162 uocatam
920 2093 1036 2178 petivit
1051 2113 1073 2159 a
1088 2094 1183 2162 nobis
1208 2093 1272 2161 sibi
1289 2092 1373 2178 dari,
1390 2091 1450 2160 ssd

339 2200 417 2284 quia
432 2203 553 2270 ueritas
570 2202 612 2270 de
627 2202 757 2286 prefata
767 2208 855 2270 terra
871 2203 964 2271 nobis
982 2223 1048 2272 non
1065 2211 1203 2280 constat,
1213 2209 1318 2271 rtrum
1337 2200 1378 2270 ad
1394 2221 1449 2266 no-

336 2315 437 2378 stram
453 2307 614 2394 pertineat
638 2307 853 2378 collacionem
868 2331 929 2378 nec
945 2332 997 2398 ne,
1015 2310 1165 2380 fidelitati
1181 2319 1288 2378 uestro
1305 2310 1450 2398 precipi-

337 2416 420 2484 endo
437 2415 643 2500 mandamus,
661 2424 821 2501 quatenus
838 2419 974 2487 mittatis
990 2421 1154 2488 hominem
1170 2430 1314 2488 uestrum
1329 2441 1389 2506 pro
1405 2427 1451 2484 te-

337 2525 507 2610 stimonio,
532 2545 642 2595 coram
667 2547 731 2610 quo
756 2527 882 2594 Jhones
907 2525 991 2595 filius
1017 2527 1135 2596 Jhonis
1152 2529 1194 2595 de
1210 2527 1335 2609 Erkud,
1352 2527 1449 2593 homo

336 2642 467 2716 noster,
484 2635 622 2703 accedat
645 2635 690 2705 ad
716 2636 834 2704 faciem
850 2635 937 2703 dicte
954 2645 1049 2716 terre,
1061 2644 1093 2702 et
1108 2637 1289 2703 reambulet
1303 2635 1450 2716 eandem,
1501 2705 1504 2708 ,

299 2785 302 2792 1
337 2752 369 2810 ot
383 2745 503 2830 videat,
520 2744 549 2810 si
564 2751 708 2812 nostram
727 2746 940 2812 collacionem
968 2745 1132 2832 pertineat
1147 2767 1206 2814 nee
1225 2766 1277 2828 ne,
1295 2745 1452 2832 posthoc

339 2858 449 2920 autem
467 2852 654 2936 qualitatem
679 2853 784 2939 ipsius
808 2861 894 2920 terre
919 2861 951 2920 et
966 2854 1180 2936 quantitatem
1196 2854 1289 2922 nobis
1310 2853 1453 2924 fideliter

338 2959 536 3030 rescribatis.
553 2961 674 3026 Datum
700 2960 854 3046 Strigonii
870 2960 953 3030 feria
969 2967 1065 3032 sexta
1081 2963 1229 3046 proxima
1244 2970 1319 3029 ante
1334 2963 1453 3029 festum

336 3069 526 3138 Natiuitatis
542 3069 645 3136 Beate
665 3069 819 3155 Virginis.

442 3179 512 3244 Nos
528 3177 614 3246 enim
629 3178 793 3264 perceptis
808 3176 926 3246 litteris
943 3175 1145 3264 obedientes,
1156 3186 1190 3248 ut
1206 3188 1360 3262 tenemur,
1381 3198 1453 3245 oum

338 3287 426 3355 dicto
450 3286 583 3355 homine
610 3294 719 3354 uestro
745 3308 786 3356 ex
810 3289 908 3356 nobis
933 3288 1079 3356 misimus
1096 3308 1155 3373 pro
1175 3287 1380 3372 testimonio,
1398 3287 1454 3370 qui

338 3415 491 3464 reuersus
507 3395 601 3464 nobis
611 3396 695 3464 dixit
704 3397 891 3482 requisitus,
903 3397 990 3480 quod
1000 3399 1073 3481 ipso
1090 3404 1244 3482 presente
1259 3398 1454 3466 idemhomo

338 3511 457 3590 uester,
476 3525 575 3591 super
589 3505 708 3574 faciem
724 3512 903 3576 memorate
920 3515 1005 3576 terre
1022 3505 1220 3592 accedendo,
1237 3513 1273 3573 ut
1288 3505 1455 3574 sciscitari

339 3613 455 3700 potuit,
472 3614 608 3682 eandem
634 3615 760 3684 invenit
784 3615 828 3682 ad
843 3621 987 3684 uestram
1002 3617 1216 3685 collacionen
1232 3615 1405 3702 pertinere,
1422 3621 1456 3680 et

248 3761 252 3778 ι
341 3741 415 3792 esse
432 3721 635 3791 suficientem
651 3723 695 3790 ad
711 3721 823 3792 decem
838 3729 958 3791 aratra.

445 3831 513 3904 Nos
530 3831 627 3914 igitur
647 3829 863 3900 consideratis
879 3831 1092 3903 fidelitatibus
1108 3841 1140 3902 et
1159 3833 1372 3904 seruiciorum
1390 3852 1455 3898 me·

340 3939 414 4008 ritis
430 3940 532 4025 ipsius
547 3939 607 4023 St,
624 3959 686 4023 que
702 3941 799 4008 nobis
823 3941 857 4008 in
874 3941 1014 4010 diuersis
1030 3943 1194 4026 articulis,
1213 3950 1247 4010 et
1265 3943 1406 4010 maxime
1421 3943 1457 4008 in

341 4047 548 4134 expeditione
564 4054 698 4134 nostra,
725 4068 821 4132 quam
838 4057 950 4120 contra
967 4052 1132 4119 dominum
1147 4053 1315 4120 albertum
1332 4056 1458 4121 Ducem

339 4158 471 4226 Austrie
487 4165 521 4224 et
536 4157 636 4226 Stiria
653 4177 693 4224 eo
709 4164 857 4245 tempore
882 4167 1026 4228 nostrum
1042 4169 1075 4228 et
1091 4163 1196 4249 Regni
1212 4164 1319 4231 nostri
1333 4163 1459 4248 capita-

341 4267 405 4332 lem
420 4265 585 4334 inimicum
599 4266 782 4352 habuimus,
799 4267 949 4336 exhibuit
965 4277 1007 4336 „et
1021 4270 1197 4356 impendit,
1218 4273 1274 4342 ubi
1290 4270 1458 4356 predictus

340 4376 387 4444 st.
404 4376 464 4442 sub
485 4374 618 4442 civitate
643 4376 824 4444 Viennensi
848 4385 964 4445 contra
980 4384 1107 4464 partem
1125 4381 1302 4449 aduersam
1319 4378 1460 4446 uiriliter

342 4482 504 4551 dimicans
519 4485 661 4553 letaliter
688 4483 795 4553 extitit
810 4485 987 4571 sauciatas,
1004 4486 1038 4551 in
1054 4491 1396 4572 recompensacionem
1410 4495 1461 4554 tot

342 4598 376 4660 et
390 4597 554 4660 tantorum
574 4593 784 4662 seruiciorum
808 4613 937 4661 suorum
963 4595 1140 4680 aliqualem
1156 4597 1323 4682 copiosam
1338 4606 1462 4666 terram

341 4699 463 4769 Kerew
479 4701 579 4769 castri
595 4701 699 4768 nostri
724 4702 765 4770 de
792 4703 919 4790 Zonak,
936 4722 1009 4773 cum
1027 4705 1177 4776 omnibus
1203 4707 1401 4778 utilitatibus
1425 4715 1462 4775 et
