3166 5238
559 359 712 464 „305-

183 557 253 627 Nes
269 557 369 645 igilur
395 557 610 627 consideratis
626 555 837 628 fidelitatibus
855 563 887 624 et
902 553 1077 643 meritorijs
1093 558 1192 626 serui-

61 661 137 749 eijs
156 665 334 735 eorundem
358 667 538 750 lobannis,
566 665 709 734 R'olandi
727 674 759 735 et
782 667 885 753 Pauli,
904 685 965 750 que
981 667 1076 734 nobis
1094 667 1126 731 in
1143 666 1191 732 di-

61 773 180 840 uersis
192 773 457 858 expedieienibus
467 773 685 856 Regninostri
701 779 768 840 tam
780 773 991 861 generalibus
1009 791 1188 858 quampar·

59 880 278 968 tieularibus,
296 903 368 956 eum
389 883 476 951 omni
492 880 619 950 feruere
634 881 803 952 fidelitatis
814 881 1053 968 impenderunt,
1069 891 1101 950 el
1116 901 1191 967 spe-

62 989 203 1058 cialiter
226 992 453 1078 attendentes,
480 991 569 1075 quod
585 991 674 1058 idem
699 991 868 1060 Jobannes
884 989 919 1057 in
945 993 1192 1079 expugnaeione

64 1099 177 1168 eastri
192 1099 326 1187 szeg,
352 1099 437 1184 quod
461 1119 521 1186 per
537 1099 728 1186 Magistrum
745 1100 929 1170 Jobannem
946 1099 1046 1168 lilium
1062 1100 1193 1168 Henriei

62 1207 169 1292 Beni,
186 1214 261 1275 tune
276 1215 421 1278 nostrum
440 1215 472 1276 et
482 1209 587 1294 Regni
603 1208 707 1276 nostri
723 1207 887 1276 infidelem
903 1209 1121 1297 detinebatur,
1139 1230 1193 1276 ex-

64 1313 183 1381 hibuit
197 1321 230 1382 et
244 1314 404 1401 inpendit,
421 1334 478 1382 sue
495 1315 666 1384 fidelitatis
690 1316 933 1401 experieneiam
945 1315 1114 1384 euidenter
1128 1338 1195 1383 ma·

64 1423 258 1507 nifestans,
283 1422 485 1491 intuentibus
511 1423 605 1490 nobis
622 1421 759 1491 uiriliter
774 1423 959 1492 dimieande
984 1426 1096 1494 mortis
1112 1428 1193 1510 peri-

67 1533 185 1598 eulum
200 1553 266 1600 nun
282 1531 473 1616 formidans,
500 1538 640 1615 quatuor
657 1531 773 1600 letalia
790 1535 917 1620 excepit
934 1533 1081 1618 uulnera,
1100 1535 1192 1602 seili-

68 1647 127 1707 cet
143 1641 255 1709 fessus
282 1639 314 1705 in
340 1647 472 1726 pectore
488 1643 607 1711 laneea
628 1641 713 1709 ferro
731 1643 884 1728 scapulas
908 1642 1092 1726 attingenti,
1110 1651 1142 1710 et
1158 1643 1191 1709 fi-

69 1769 137 1817 xus
154 1749 277 1835 sagitta
294 1749 441 1818 inmane
467 1749 593 1834 dextra,
610 1769 650 1815 ae
666 1769 780 1818 enssus
806 1750 916 1836 gladie
942 1750 976 1816 in
993 1751 1102 1839 eapite
1129 1752 1194 1819 duo
1253 1751 1254 1760 ’

69 1860 245 1942 perferens
262 1859 397 1925 uulnera
408 1857 442 1926 in
458 1858 684 1944 captiuitatem
701 1857 846 1923 eiusdem
864 1857 1016 1943 Magistri
1031 1856 1193 1926 Jolrannis

70 1969 238 2053 insidens,
254 1987 358 2053 usque
377 1969 456 2036 anni
477 1969 717 2037 reuolueienem
735 1973 786 2035 est
802 1968 953 2036 detentus
971 1969 1112 2054 captiuis
1128 1969 1196 2036 uin·

71 2078 158 2145 eulis
176 2080 393 2162 mancipatus.
421 2078 502 2143 Item
519 2096 592 2143 eum
608 2095 666 2141 nus
684 2076 874 2162 Magistrum
902 2077 1112 2161 Demetrium,
1138 2077 1195 2143 Co·

72 2185 187 2254 mitem
213 2187 449 2254 Posoniensem
475 2192 507 2252 et
533 2186 574 2252 de
598 2185 732 2250 Zoulum
757 2185 911 2254 dileetum
928 2193 960 2250 et
986 2185 1118 2252 fidelem
1135 2205 1195 2251 n0-

72 2302 190 2377 strum,
205 2296 239 2362 in
250 2314 438 2364 sueeursum
454 2294 575 2362 demini
586 2293 715 2361 Alberti
732 2300 808 2362 tune
818 2295 920 2362 Dueis
936 2297 1068 2360 Austris
1085 2301 1116 2362 et
1132 2295 1196 2363 Sti-

72 2403 133 2486 rie,
152 2421 237 2468 nune
254 2423 333 2471 uero
350 2403 449 2488 Regis
470 2405 686 2470 Romanorum
705 2421 833 2489 semper
848 2405 1000 2489 Augusti,
1017 2403 1122 2489 patris
1141 2423 1197 2469 nu-

74 2513 137 2579 stri
164 2510 349 2595 karissimi,
378 2516 492 2580 eontra
519 2509 702 2595 Odolphum
720 2517 797 2578 tune
823 2513 946 2596 Regem
963 2513 1194 2596 Romanorum,

73 2619 224 2687 eiusdem
241 2609 344 2704 patris
355 2620 458 2686 nostri
473 2617 641 2686 karissimi
652 2617 827 2704 capitalem
846 2620 1018 2705 inimicum,
1036 2620 1196 2688 destinas-

75 2747 198 2810 semus,
214 2728 262 2793 ibi
277 2728 380 2794 esiam
405 2725 492 2794 idem
509 2726 678 2796 lohannes
695 2725 855 2812 cumipse
872 2729 1090 2816 prebuissens,
1116 2732 1196 2798 mili·
1217 2813 1218 2816 Ἴ

74 2841 166 2903 teres
184 2847 217 2904 et
232 2841 381 2904 strenuos
394 2842 490 2905 aetus
506 2835 651 2904 exercuit
667 2837 764 2903 laude
781 2837 897 2922 dignos
913 2840 946 2905 in
963 2839 1112 2923 generali
1122 2861 1195 2911 een-

74 2945 177 3029 dietn,
195 2964 292 3030 quem
308 2943 394 3012 idem
420 2949 516 3028 pater
542 2952 652 3012 noster
668 2944 783 3012 babuit
799 2965 871 3012 eum
892 2945 1020 3031 prefato
1045 2942 1197 3034 Odolpho

75 3057 170 3139 Rege
185 3057 413 3140 Romanorum,
430 3054 487 3120 ubi
503 3052 590 3120 idem
607 3055 677 3120 Rex
703 3053 875 3141 Odelpbus
892 3055 1064 3123 erudeliter
1090 3057 1198 3124 extitit

80 3167 297 3248 interemptus
314 3161 429 3231 eodem
446 3161 622 3232 karissimo
647 3168 741 3248 patre
757 3167 869 3232 nostre
885 3162 1048 3249 triumpho
1066 3165 1198 3232 obtento

79 3273 239 3360 glorioso,
257 3293 316 3340 sex
341 3271 461 3340 milites
477 3271 602 3338 einetes
618 3270 740 3356 gladijs
761 3277 793 3337 et
810 3271 973 3353 quendam
988 3271 1123 3340 fratrem
1138 3274 1199 3338 Pa·

76 3382 176 3450 latini
192 3381 295 3468 ipsius
312 3381 412 3466 Regis
438 3380 581 3465 Odulphi
598 3378 807 3466 eaptiuando‚
824 3387 919 3465 prout
935 3377 1019 3446 idem
1040 3380 1198 3464 Magister·

75 3490 265 3560 Demetrius
280 3491 375 3558 nobis
390 3489 519 3572 retulit,
545 3509 585 3556 ae
603 3489 739 3556 uulnera
759 3489 910 3556 mortalia
936 3489 1138 3560 sustinendo.
1156 3490 1197 3556 Et

76 3601 158 3667 lieet
172 3599 258 3668 idem
281 3599 452 3670 lohannes
469 3617 526 3683 pro
543 3605 593 3668 tet
618 3607 651 3664 et
666 3598 767 3666 tantis
793 3597 1009 3667 fidelitatibus
1034 3620 1075 3667 ae
1096 3599 1197 3666 serui·

76 3711 141 3797 eijs
158 3709 226 3778 suis
241 3709 370 3778 maiora
384 3713 571 3791 mereretur,
592 3707 626 3774 iu
643 3708 819 3790 aliqualem
835 3715 944 3774 tamen
969 3727 1197 3794 reeompensa-

78 3819 205 3886 eionem
232 3818 440 3886 sernieiorum
467 3835 598 3884 suorum
623 3815 743 3884 dietam
760 3822 882 3884 terrum
908 3817 1101 3903 [lgenzarau
1125 3837 1197 3886 eum

78 3927 233 3996 omnibus
249 3926 447 3996 utilitatibus
464 3933 497 3994 et
521 3924 732 4011 pertineneijs
748 3925 816 3992 suis
832 3926 892 3993 sub
911 3925 1034 3993 eisdam
1051 3926 1145 3994 metis
1166 3933 1198 3992 et
1316 3965 1329 3990 s

80 4035 240 4120 terminis,
257 4035 376 4119 quibus
391 4036 435 4101 ab
455 4032 588 4116 antiqno
606 4033 680 4118 ipsa
696 4038 784 4100 terra
799 4034 941 4101 limitata
957 4033 1064 4100 extitit
1078 4041 1111 4101 et
1126 4052 1199 4118 pos-

81 4164 187 4227 sessa,
203 4142 286 4230 ipsis
302 4142 456 4226 Jehanui,
482 4141 634 4210 Relando
660 4147 693 4210 et
708 4139 809 4208 Paulo
826 4159 866 4207 ae
883 4159 994 4207 eurum
1012 4138 1199 4225 heredibus,

81 4253 300 4337 heredumque
310 4271 438 4320 suorum
449 4251 703 4336 sueeessuribus,
716 4251 758 4318 de
778 4249 1200 4334 beneplaeitueteonsensu

80 4361 212 4430 demine
228 4363 354 4449 Regius
369 4361 530 4430 eonsentis
546 4369 657 4429 uestra
674 4360 866 4442 karissime,
884 4357 1042 4444 dedimus,
1063 4353 1197 4430 donaui-

81 4489 153 4538 mus
170 4477 204 4540 st
229 4471 424 4540 eontulimus
450 4477 609 4556 perpetuo
626 4475 658 4536 et
676 4467 933 4537 irremeabiliter
957 4467 1200 4557 possidendam.

85 4581 123 4646 ln
146 4580 238 4649 euius
265 4581 313 4646 rei
332 4582 519 4648 memoriam
545 4586 578 4648 el
601 4584 794 4665 perpetuam
818 4577 1003 4647 firmitatem
1028 4566 1200 4666 presentes

83 4688 305 4760 euneessimus
316 4690 445 4758 litteras
454 4687 594 4774 duplieis
609 4687 729 4775 sigillis
746 4683 951 4810 (tgy),nustri
966 4688 1200 4758 muniminem-
