3166 5238
886 365 951 434 208

354 555 502 640 ejusdcm
529 560 672 650 capituli
698 567 731 632 ct
746 563 968 654 predictomm
992 565 1149 634 bonorum
1174 564 1474 652 possessionamm,

354 665 464 736 iactae
474 673 745 756 ctacqucetrutoe
755 671 983 744 suerantanno
994 674 1125 746 Domini
1136 675 1310 744 millesimo
1320 671 1476 741 ducente-

354 775 437 844 simo
447 779 664 865 nonagesimo
675 799 769 867 nouo,
788 783 982 869 litteraeque
993 786 1170 854 earundem
1181 782 1477 854 roambnlatiouum

353 885 468 954 codam
484 907 571 956 anno
588 887 758 960 coniectae
774 899 808 960 et
819 900 993 962 emunctae
1009 902 1095 980 sunt,
1107 915 1191 979 quas
1202 927 1357 944 -—-
1373 889 1478 959 domi·

353 1015 415 1065 nus
432 995 619 1066 bodonicus
630 995 692 1065 Dei
708 1001 1019 1086 gratiaHuugariao
1034 1009 1096 1072 etc.
1107 1004 1178 1070 Rex
1191 1039 1231 1052 -
1244 1037 1343 1052 --
1358 1019 1477 1086 appro-

354 1101 446 1170 bavit
472 1109 505 1170 et
529 1103 705 1176 notificavit
721 1147 764 1160 -
781 1146 824 1160 -
839 1131 929 1179 anno
954 1111 1087 1181 Domini
1112 1111 1287 1180 millesimo
1311 1112 1473 1179 trecente-

354 1210 437 1280 simo
454 1215 661 1300 sexagesimo
679 1237 773 1286 nono.
791 1223 829 1288 In
847 1219 964 1307 quibus
982 1222 1104 1290 litteris
1120 1222 1205 1290 inter
1221 1223 1308 1291 alias
1325 1218 1480 1288 toambu-

354 1319 496 1390 lotiones
520 1343 649 1408 quoque
672 1335 830 1397 metarum
856 1331 1078 1417 possessionis
1093 1331 1246 1400 Borband
1272 1336 1409 1417 aparte
1425 1347 1481 1412 op·

354 1426 422 1511 pidi
441 1429 577 1503 Karako
602 1433 662 1503 tali
689 1435 749 1502 sub
773 1445 887 1506 tenore
913 1437 1144 1508 continentur:
1172 1437 1267 1506 Unde
1282 1458 1345 1524 per
1369 1438 1481 1522 ipsum

356 1535 487 1626 Ompoy
503 1539 636 1612 fluvium
662 1544 854 1614 ascenditur
879 1548 966 1615 inter
992 1553 1097 1616 terras
1114 1546 1259 1635 Capituli
1275 1547 1318 1615 ab
1338 1553 1480 1628 utraque

354 1652 451 1730 parte
467 1644 557 1718 duvii
573 1670 676 1736 usque
692 1651 736 1718 ad
754 1655 880 1739 locum,
906 1655 962 1724 ubi
978 1656 1066 1723 idem
1085 1653 1202 1725 fluvius
1229 1660 1402 1754 extractus
1418 1653 1481 1719 fuit

354 1752 394 1820 de
411 1757 516 1822 veteri
532 1755 632 1828 durio
649 1760 799 1851 Ompey„
815 1771 1025 1834 transeuntes
1045 1785 1105 1852 per
1120 1764 1234 1834 villam
1251 1763 1428 1847 Borband‚
1447 1768 1478 1828 et

353 1881 412 1945 por
427 1863 534 1931 locum
551 1867 786 1952 ipsiusvcteris
803 1869 941 1961 Ompey,
959 1875 992 1939 iu
1004 1875 1077 1960 ipso
1088 1875 1178 1942 exitu
1195 1873 1372 1961 praedicta
1388 1879 1478 1938 terra

353 1968 509 2040 Borband
520 1981 730 2044 commetatur
741 1985 850 2049 torrae
868 1979 990 2050 domini
1002 1964 1159 2072 ldpisdopi
1176 1983 1427 2064 Sardvocatae,
1444 1980 1475 2044 io

353 2079 446 2146 ouius
461 2079 631 2152 vicinitate
648 2105 707 2170 per
723 2085 831 2153 iocum
847 2089 967 2156 veteris
985 2087 1125 2178 Ompey,
1142 2091 1175 2157 in
1193 2091 1282 2176 Seeg
1299 2088 1476 2157 reuertitur

353 2185 569 2258 adorientem
587 2191 631 2259 ad
647 2199 714 2260 tres
739 2202 1006 2286 detectorem,
1033 2199 1067 2266 in
1084 2201 1150 2268 fine
1168 2206 1317 2268 satorum
1335 2199 1475 2284 positas,

352 2315 487 2378 quarum
512 2317 578 2365 una
603 2307 655 2368 est
669 2309 776 2373 terrae
793 2307 877 2374 Sard
886 2357 895 2391 ,
913 2308 981 2374 alia
997 2315 1105 2378 terrae
1122 2309 1258 2398 Ompey,
1278 2307 1381 2375 tertia
1397 2326 1474 2375 vcro

352 2411 458 2472 terrae
475 2405 626 2476 Borband
637 2412 878 2500 predictarum
897 2415 972 2482 inde
988 2415 1130 2486 flectitur
1141 2425 1255 2486 eontra
1266 2418 1475 2502 septemtrio·

353 2531 446 2596 nem,
473 2520 505 2581 et
522 2515 624 2584 intrat
647 2539 762 2587 nemus
780 2519 909 2610 Ompey
925 2522 969 2591 ad
995 2524 1147 2592 arborem
1164 2524 1234 2590 toul
1256 2533 1476 2593 motuterrae

354 2620 604 2709 circumdatam
621 2625 699 2694 inde
716 2631 880 2698 transiens
896 2633 1003 2718 ipsum
1020 2643 1166 2702 veterem
1182 2631 1318 2702 fluvium
1336 2634 1476 2719 Ompey,

351 2727 385 2792 in
403 2729 545 2811 quadam
562 2752 647 2800 vena
662 2736 754 2804 venit
770 2738 814 2804 ad
831 2741 981 2809 arborem
998 2741 1084 2808 ilicis
1103 2750 1192 2810 meta
1208 2748 1320 2811 terrea
1339 2744 1474 2809 eircum-

351 2842 489 2920 septam,
505 2840 580 2909 iude
596 2841 639 2908 ad
657 2849 776 2914 metam
793 2854 956 2933 terream,
985 2851 1019 2916 in
1039 2870 1105 2934 qua
1121 2857 1175 2920 ost
1190 2852 1291 2920 arbor
1309 2851 1387 2933 twt;
1404 2847 1477 2914 inde

350 2947 515 3018 transiens
532 2949 639 3036 ipsum
654 2971 779 3040 nemus,
795 2956 886 3024 eadit
902 2958 935 3024 in
952 2958 1060 3046 uiam,
1086 2980 1262 3045 perquam
1280 2960 1347 3028 itur
1368 2957 1477 3026 adbuc

351 3057 393 3122 ad
411 3061 699 3144 septemtrionem,
718 3067 817 3151 juxta
833 3085 932 3150 quam
949 3070 992 3138 ab
1017 3073 1140 3139 criente
1157 3080 1211 3140 cst
1236 3078 1327 3138 meta
1344 3077 1476 3148 terrea;

350 3163 436 3228 unde
450 3184 508 3250 per
524 3171 660 3238 eandem
677 3172 721 3240 ad
737 3173 822 3242 duae
832 3183 949 3260 metas,
966 3197 1102 3261 quarum
1117 3201 1184 3248 una
1205 3187 1256 3246 est
1271 3181 1306 3248 in
1324 3177 1394 3265 via,
1412 3175 1477 3242 alia

346 3271 442 3355 juxto
458 3273 546 3342 viam
563 3278 624 3345 sub
639 3279 737 3348 dumo
753 3282 838 3352 ilicis
851 3285 894 3352 ab
905 3287 1051 3376 crientc;
1068 3289 1147 3358 inde
1158 3309 1218 3376 per
1229 3291 1373 3358 eandem
1386 3289 1473 3356 viam

350 3379 384 3443 in
400 3381 538 3467 vallem;
564 3385 641 3454 hinc
658 3389 804 3458 ascendit
816 3392 864 3460 ad
889 3379 1034 3466 montem
1050 3397 1096 3466 ad
1112 3405 1181 3468 tres
1209 3406 1318 3468 metas
1336 3404 1477 3471 terreas,

352 3504 486 3568 quarum
503 3509 568 3558 una
584 3501 634 3558 est
650 3495 869 3584 Episcopalis,
887 3505 996 3572 altera
1014 3506 1163 3593 Capituli
1173 3559 1182 3594 ‚
1209 3505 1309 3573 tertia
1323 3523 1410 3574 vero
1427 3503 1480 3570 hc·

352 3594 475 3676 spitum
490 3595 531 3662 dc
548 3599 694 3687 Korkoo,
712 3605 768 3673 ubi
784 3614 872 3676 terra
888 3611 1046 3682 Borband
1063 3636 1085 3682 a
1108 3615 1274 3700 meridie,
1292 3622 1387 3682 terra
1403 3634 1481 3681 vcro

352 3699 438 3768 Sard
454 3702 498 3770 ab
513 3706 681 3778 occidente
705 3711 866 3799 existunt,
893 3719 948 3786 ubi
964 3719 999 3787 in
1025 3723 1132 3790 latere
1148 3725 1271 3794 montis
1299 3743 1321 3789 a
1338 3732 1480 3809 septem-

353 3807 469 3892 trione,
487 3813 519 3878 in
529 3814 698 3886 vicinitate
716 3822 878 3892 dictorum
888 3829 1052 3912 hospitum
1075 3834 1215 3902 Korkou
1225 3839 1398 3920 postremo
1414 3855 1482 3902 vcr-

353 3917 428 3980 titur
445 3927 559 3988 contra
572 3923 729 3996 orientem
741 3937 774 3996 et
790 3936 942 4002 ascendit
956 3941 1117 4024 perviam
1134 3942 1178 4010 ad
1189 3944 1274 4012 duas
1294 3953 1405 4013 metas
1422 3953 1481 4012 ter·

352 4041 430 4087 reas
440 4025 538 4110 juxta
562 4031 649 4098 viam
665 4035 708 4102 ab
733 4045 873 4122 utroque
898 4051 992 4128 parte
1010 4050 1159 4136 positas,
1185 4071 1328 4134 quarum
1347 4075 1420 4120 una
1436 4062 1484 4120 cst

354 4127 446 4196 Pauli
473 4134 513 4199 de
531 4136 673 4210 corkow
697 4147 853 4214 etaltera
878 4151 1041 4241 capituli3
1063 4157 1142 4226 inde
1168 4160 1202 4226 in
1227 4159 1348 4230 ecdem
1375 4162 1482 4230 latere

357 4241 615 4316 septemtrionali
642 4249 850 4322 descenditur
874 4259 1034 4330 adunam
1061 4273 1182 4336 metam
1206 4276 1374 4358 terream,
1395 4271 1482 4338 unde

354 4343 482 4409 venitur
493 4349 611 4422 adtres
623 4365 875 4452 metasterrcas,
887 4386 1023 4450 quarum
1034 4393 1102 4442 uua
1113 4379 1481 4466 estterraeBarbantb,

354 4445 421 4514 alia
436 4448 600 4536 hospitum
617 4462 659 4529 de
676 4466 805 4554 Igwen‚
832 4474 929 4540 tertia
946 4477 1027 4547 dicti
1042 4481 1150 4568 Pauli,
1168 4506 1229 4570 par
1246 4497 1409 4570 quartam
1422 4492 1480 4558 ad·

354 4547 415 4673 buc
431 4564 614 4638 proceditur
631 4579 740 4640 autem
757 4586 869 4646 contra
885 4583 1044 4654 orientem
1054 4592 1090 4658 in
1108 4595 1226 4662 eodem
1245 4597 1353 4666 latere
1372 4605 1407 4666 et
1423 4619 1477 4667 ve-

354 4663 441 4724 nitur
454 4665 499 4732 ad
513 4678 632 4740 metam
650 4687 789 4750 terream
808 4686 1009 4760 dividentem
1035 4703 1161 4768 terram
1179 4703 1345 4774 Barband
1363 4717 1398 4776 ct
1414 4717 1476 4777 ter-
