3262 5242
646 305 687 371 23

110 501 268 568 libertatis
285 502 429 586 ipsorum
445 504 639 587 oonleotum,
657 509 840 588 petenteea
859 507 953 576 nobis
970 528 1042 574 oum
1059 505 1225 574 instancia

110 614 141 672 ut
156 608 263 691 ipsum
281 609 488 695 priuilegium
504 616 608 678 ratum
620 612 744 678 habere
762 620 795 679 et
814 624 924 681 nostro
942 615 1151 697 dignaremur·
1163 615 1225 700 pri-

109 715 227 801 uilegio
244 718 444 799 oontirmare,
461 720 553 788 euius
572 721 702 802 quidem
719 721 885 808 priuilegij
904 731 998 790 tenor
1014 723 1090 788 talis
1108 730 1179 789 est:

210 824 388 894 Ladiulaus
405 827 468 892 Dei
491 828 606 913 gracia
624 831 689 896 stb.
718 841 907 915 (trovetkezik
930 845 979 901 lv.
1004 843 1110 902 Ltszlo
1129 843 1227 918 kirtly

107 929 220 1089 tute-ki)
242 929 405 1004 olminya,
437 933 514 1004 moly
537 933 691 992 olvushatb
718 933 961 1006 Okmanytbrunk
993 936 1041 991 IV.
1066 935 1226 992 kbtetobeu

108 1021 164 1075 180.
188 1021 207 1074 l.

210 1114 279 1179 Nos
295 1113 394 1200 igitur
411 1116 505 1184 iustis
522 1124 555 1182 et
571 1115 729 1199 legitimis
740 1119 959 1204 petitionibus
972 1119 1134 1186 dictorum
1151 1116 1225 1185 hos·

106 1220 205 1304 pitum
222 1229 406 1290 nostrorum
423 1223 649 1308 densentur,
674 1226 904 1292 fauorabilium
926 1246 1121 1294 consensum
1133 1224 1225 1292 adbi-

105 1331 229 1414 bentes,
246 1333 430 1416 predictum
441 1335 648 1420 priuilegium
660 1336 826 1402 karissimi
837 1335 948 1402 fratris
960 1338 1064 1402 nostri
1076 1335 1225 1416 formam,

105 1445 136 1503 et
151 1446 301 1507 tenorem
317 1442 488 1530 priuilegij
506 1442 586 1509 dioti
612 1445 782 1514 karissimi
798 1447 854 1511 aui
871 1447 974 1512 nostri
991 1444 1151 1529 Stephani
1167 1441 1226 1509 lle·

104 1549 153 1633 gis
180 1550 379 1617 continentis
405 1560 438 1618 et
461 1553 581 1620 seriem
608 1555 789 1620 litterarum
816 1555 933 1641 Ireney
953 1555 1039 1622 Beni
1065 1550 1226 1636 quondam

104 1657 333 1726 Tronssiluani
357 1661 391 1726 in
418 1661 540 1727 eisdem
560 1662 792 1742 confirmantis,
821 1682 920 1747 super·
946 1661 1034 1729 laeto
1060 1657 1226 1727 libertatis

103 1768 247 1851 ipsorum
263 1767 455 1855 oonleetum,
471 1776 507 1836 ut
524 1771 741 1853 premisimus,
758 1791 822 1836 non
841 1771 1068 1852 cancellatum,
1089 1788 1154 1836 uon
1170 1768 1227 1834 ab·

104 1894 223 1958 rasum,
241 1897 302 1944 neo
317 1878 350 1944 in
367 1877 479 1960 aliqua
504 1876 556 1944 sui
572 1884 671 1962 parte
685 1877 861 1960 uioiatum,
887 1886 994 1946 ratum
1020 1878 1178 1945 babentes
1196 1881 1229 1941 et

103 1991 295 2072 eooeplum,
322 1985 362 2052 de
379 1987 480 2052 uerbo
497 1983 540 2050 nd
565 1987 700 2053 uerbum
717 1987 925 2071 presentibus
943 1985 1043 2053 inseri
1063 1984 1227 2071 faciendo,

105 2095 291 2177 patrocinio
308 2096 411 2162 nostri
426 2095 590 2183 priuilegij
612 2096 765 2163 duximus
787 2093 1052 2164 eonfirmandum.
1077 2095 1116 2160 In
1136 2094 1228 2160 ouius

105 2201 151 2266 rei
167 2205 360 2271 memoriam
385 2212 644 2290 perpetuamque
660 2201 846 2271 firmitatem
874 2209 1046 2290 presentes
1063 2201 1228 2270 oonoessi·

103 2332 173 2379 mus
190 2313 358 2401 duppliois
375 2314 476 2398 sigilli
491 2312 593 2378 nostri
619 2311 798 2380 munimine
822 2312 1004 2380 roboratas.
1031 2310 1153 2377 Datum
1170 2331 1229 2398 per

102 2440 221 2490 manus
239 2422 371 2489 disereti
385 2423 446 2487 viri
463 2418 612 2505 magistri
629 2417 797 2488 Theodori
806 2420 965 2487 Albensis
985 2418 1136 2487 Euolesie
1152 2418 1228 2484 Pre-

102 2530 213 2616 positi,
240 2531 317 2596 aule
335 2537 448 2626 nostre
464 2527 543 2594 Vioe
562 2528 775 2616 Oanoellarij,
800 2527 914 2595 dileoti
931 2534 964 2594 et
990 2527 1097 2596 fidelis
1114 2527 1228 2596 nostri.

101 2639 195 2704 Anno
216 2640 350 2707 Domini
363 2640 414 2721 M?
430 2638 498 2707 00⁰
515 2637 728 2724 nonagesimo
745 2639 861 2722 primo.
880 2635 987 2723 Regni
997 2642 1107 2704 autem
1124 2638 1230 2703 nostri

102 2765 325 2833 mmmm.

294 2939 443 3012 (Eredetie
456 2941 533 2998 Dens
546 2940 632 2999 viros
647 2939 860 3000 levdltirsban.
875 2939 957 2997 suot
970 2938 1094 3012 Korolp.)
