3262 5242
557 389 670 486 ΜΗ,
691 481 715 486 .-

81 587 177 652 natus
204 593 237 653 et
263 605 374 651 aarum
401 587 644 654 successoribus
670 591 821 670 pretextu
846 585 1068 672 predictarum
1093 589 1198 656 trium

81 693 244 774 villarum,
262 695 404 760 habituri
421 695 461 758 de
480 701 587 762 cetero
604 696 775 761 materiam
794 696 995 779 questionis,
1014 718 1086 764 eum
1102 697 1199 784 super

81 802 135 868 loc
150 803 289 868 articulo
301 803 490 887 specialiter
501 805 606 870 omnis
617 806 748 873 occasio
761 803 932 888 repetendi
943 810 976 871 et
994 805 1192 892 procedendi

81 909 124 974 eis
139 910 184 975 ad
201 931 338 995 presens
353 918 386 978 et
401 912 435 977 in
460 918 628 998 posterum
654 913 817 980 exstilerit
837 920 1016 1000 amputata.
1045 916 1084 981 In
1102 915 1193 982 cuius

81 1019 123 1084 rei
138 1017 324 1086 firmitatem
341 1027 374 1087 et
389 1023 577 1088 memoriam
604 1022 859 1110 sempiternam,
878 1030 1048 1107 presentes
1066 1025 1192 1090 litteras

82 1126 123 1193 ad
140 1127 340 1210 peticionem
366 1137 398 1195 et
423 1131 620 1197 instanciam
645 1131 792 1215 parcium
818 1130 1059 1216 predictarum,
1083 1139 1195 1198 nostro

83 1235 190 1320 sigillo
207 1235 357 1304 dedimus
385 1239 612 1306 communitas.
638 1241 758 1307 Datum
775 1261 834 1324 per
849 1260 964 1307 manus
985 1240 1116 1308 disereti
1132 1239 1198 1307 viri

84 1345 229 1428 magistri
255 1346 415 1434 Cypriani
438 1349 585 1414 Ecclesia
611 1356 722 1417 nostre
747 1351 913 1432 Lectoris,
950 1369 1035 1416 anno
1065 1346 1198 1417 Domini

80 1453 125 1518 M⁰
141 1455 212 1524 00⁰
229 1457 453 1542 nonagesimo,
469 1457 575 1543 pridie
592 1456 808 1526 kalendarum
825 1458 933 1545 Julij„

183 1635 295 1703 Jeqyaet.
317 1633 490 1706 Bdrhdrtya‚
510 1635 644 1705 melynek
657 1634 718 1691 alul
730 1633 1098 1708 fdlhajtotthasaddkaibdl
1112 1639 1199 1695 vitriis

81 1720 109 1778 ds
122 1719 209 1792 stiga
223 1727 336 1779 sodrott
349 1724 504 1797 solyemrdl
516 1723 633 1798 fiiggo’tt
646 1726 762 1798 pecsdte
777 1727 880 1785 eltitnt.
893 1727 1084 1800 Wigmannus
1099 1727 1198 1800 annyi,

83 1813 151 1868 mint
162 1813 307 1886 Vigmdn,
327 1816 429 1888 Igman
443 1817 646 1889 szemdlyndu,
661 1815 691 1874 ds
706 1817 869 1891 vigmtnd,
888 1820 1010 1893 Igmtnd
1023 1819 1158 1891 helyndu.
1172 1821 1198 1876 A

56 1959 58 1968 ,
82 1903 185 1961 ludkkdi
198 1905 389 1964 levdltdrban.
403 1909 487 1966 Faue.
503 1911 527 1966 1.
539 1907 574 1965 N.
587 1911 613 1966 5.
638 1897 720 1979 ldrdy.

516 2207 766 2220 ...ῳ-..Ἣ

618 2761 664 2827 ll.

83 2975 109 3041 Α
128 2979 282 3064 poaaonpi
306 2975 456 3062 kdptalau
483 2974 757 3062 biaoapadpleoole,
785 2973 863 3062 kopp
882 2976 1071 3063 Kaudruasy
1094 2977 1197 3042 De'oea

81 3085 204 3172 Mttctp
213 3087 296 3151 cuod
309 3084 469 3172 aaodpa'jdt,
479 3085 525 3150 leit
539 3089 610 3148 mdc
625 3083 707 3148 ellel>
724 3082 952 3170 cdzdloqosttott,
965 3085 1130 3169 Miko'oak,
1141 3087 1199 3150 Pa-

431 3193 595 3279 tcrfidrock
613 3192 726 3258 eladtu.
752 3194 848 3258 1290.

400 3411 437 3476 A.
546 3411 583 3475 B.
674 3409 729 3518 1Ο.
837 3408 878 3474 D.

187 3611 359 3679 Vniuersis
371 3607 492 3676 Christi
507 3606 660 3674 fidelibus
676 3613 845 3692 presentes
862 3605 989 3674 litteras
1004 3607 1198 3693 inspecturis

87 3721 277 3808 Capitulum
293 3719 440 3786 Ecclesie
458 3717 668 3784 Pcscniensis
694 3718 832 3783 salutem
847 3717 881 3782 in
897 3717 1045 3786 Domino.
1063 3719 1115 3783 Ad
1131 3718 1200 3782 vni-

86 3850 251 3898 uersorum
261 3828 415 3894 noticiam
426 3833 537 3894 tenore
547 3825 749 3911 presencium
759 3829 907 3894 uolumus
917 3827 1099 3912 peruenire,
1112 3825 1200 3908 quod

86 3939 319 4005 Bartholomeo
330 3935 396 4003 filio
406 3938 512 4003 Pasca
523 3937 563 4001 de
576 3935 767 4022 (lundrussy
778 3935 872 4000 simul
883 3954 953 4002 cum
965 3933 1031 4003 filio
1042 3955 1099 4000 suc
1110 3934 1199 4020 Dyo·

87 4048 170 4114 nisio
189 4048 321 4114 nomine
338 4065 396 4129 pro
414 4063 448 4108 se
466 4051 497 4110 ct
514 4061 573 4127 pro
589 4043 665 4127 alijs
684 4045 810 4110 duobus
828 4043 903 4111 filiis
923 4043 991 4109 suis
1007 4041 1197 4110 Alexandro

86 4163 118 4221 et
132 4156 275 4222 Nicolao
291 4155 333 4219 ab
350 4174 413 4217 una
431 4159 535 4238 parte,
546 4152 658 4220 Mikov
673 4151 739 4218 filio
751 4151 849 4235 Petri,
867 4171 926 4237 pro
937 4151 1115 4218 Benedicto
1132 4149 1198 4219 filio

87 4263 229 4330 Manoha
246 4262 286 4328 de
303 4261 389 4327 Gala
406 4263 447 4325 ab
465 4262 570 4326 altera
586 4257 773 4327 constitutis
784 4258 1000 4345 personaliter
1016 4277 1125 4326 coram
1141 4280 1197 4326 no·

87 4374 145 4454 bis,
163 4369 254 4437 idem
270 4367 519 4435 Bartholomeus
537 4373 588 4434 cst
604 4366 794 4451 confessus,
821 4367 996 4450 quodcum
1021 4368 1199 4435 seeundum

87 4477 325 4546 continenciam
351 4477 532 4543 litterarum
558 4481 742 4542 nostrarum
767 4476 1009 4559 memoralium,
1028 4476 1199 4560 quemdam

87 4609 221 4658 seruum
246 4607 336 4653 suum
363 4583 616 4670 hereditarium,
643 4585 727 4650 sicut
746 4583 846 4672 dixit,
875 4585 1005 4654 nomine
1030 4583 1198 4652 Micaelcm

88 4699 187 4768 lilium
204 4697 313 4784 Syck,
339 4697 470 4782 prefato
485 4694 684 4779 Benedicta,
709 4715 768 4783 pro
785 4693 900 4780 uiginti
915 4692 1026 4778 pensis
1052 4692 1198 4759 denario-

139 4839 564 4884 aerumnosarum—urrato.
1021 4820 1042 4886 2
