3214 5238
861 1065 864 1073 ·
898 1039 968 1152 ΠΒ.

373 1237 422 1304 Aa
447 1235 567 1326 erdelyc'
594 1237 751 1342 lociptolars
781 1236 1063 1326 diaoayadplevele,
1094 1237 1175 1326 lrcpy
1213 1235 1350 1306 Wdrdai
1385 1237 1501 1302 Tama
1574 1256 1576 1264 ⁴

374 1346 469 1411 Boeo
498 1347 665 1414 &colnac
689 1344 856 1432 selercaatt
892 1343 1013 1412 Wirrcai
1037 1345 1186 1412 Harbord
1215 1343 1358 1434 profacto
1383 1345 1500 1414 cludtu.
1605 1433 1606 1436 Ἴ

824 1453 1056 1518 1290-1301.

486 1649 672 1736 Capitulum
688 1651 837 1720 Ecclesia
850 1651 953 1719 Beati
969 1649 1143 1719 Michaelis
1161 1649 1366 1736 Archangeli
1382 1649 1504 1718 'hans

377 1758 505 1826 siluane
521 1757 683 1826 uniuersis
700 1758 821 1828 Christi
840 1757 994 1828 fidelibus
1010 1776 1149 1844 presens
1160 1759 1320 1844 scriptum
1336 1758 1503 1845 inspectu·

377 1867 423 1933 ris
447 1869 588 1935 salutem
605 1867 638 1933 in
664 1868 808 1936 omnium
826 1867 1006 1936 saluatore.
1028 1867 1265 1936 Vniuerscrum
1290 1867 1414 1936 noticie
1438 1873 1505 1933 tam

379 1969 585 2060 presencium
603 1996 700 2060 quam
725 1977 907 2047 futurorum
925 1979 1040 2062 harum
1056 1979 1142 2046 serie
1159 1975 1389 2062 declaramus,
1418 1977 1505 2064 qnod

380 2082 524 2152 Thomas
549 2084 636 2152 filius
653 2086 741 2152 Petri
766 2087 808 2154 de
823 2084 970 2168 Warda,
995 2085 1246 2171 presencialiter
1270 2105 1382 2154 coram
1409 2084 1506 2151 nobis
1606 2084 1607 2091 ’

381 2191 587 2280 constitutus,
613 2199 645 2260 et
669 2191 838 2262 confessus
865 2212 902 2259 se
928 2194 1066 2262 totalem
1091 2193 1306 2261 medietatem
1331 2193 1507 2262 cuiusdam

380 2297 601 2384 possessionis
618 2319 677 2367 sue
694 2301 785 2368 Buzd
799 2307 927 2388 uocate,
944 2301 1146 2387 indistinete,
1162 2301 1307 2368 indivise
1323 2309 1358 2369 et
1376 2301 1507 2387 insepa-

380 2414 465 2492 rate,
480 2407 605 2490 absque
622 2407 726 2491 metis,
746 2409 849 2493 signis
865 2429 923 2476 seu
939 2409 1095 2494 terminis,
1111 2416 1181 2475 tam
1198 2408 1345 2485 interris
1371 2409 1506 2476 arabili·
1606 2432 1607 2437 ¹

385 2514 571 2602 braquam
587 2516 619 2582 in
636 2515 725 2602 aliJs,
744 2517 899 2584 uidelicet
908 2517 1021 2602 pratis,
1041 2517 1173 2604 ienetis,
1184 2517 1287 2595 siluis,
1307 2517 1463 2601 uirgultis
1475 2524 1508 2584 et

386 2623 591 2711 nemoribus,
617 2630 653 2692 ut
669 2644 728 2710 per
752 2644 828 2692 suos
844 2627 1071 2710 progenitores
1095 2627 1171 2713 ipsa
1194 2633 1282 2694 terra
1309 2626 1355 2692 ab
1372 2623 1507 2708 antiquo
1605 2627 1606 2630 ’

387 2727 438 2802 est
457 2731 610 2798 habitata
626 2739 659 2798 et
673 2751 849 2816 possessa,
868 2731 1022 2816 dedisse,
1037 2731 1217 2800 tradidisse
1233 2739 1267 2799 et
1282 2731 1508 2800 irreuocabili-

305 2876 307 2882 *
382 2848 432 2910 ter
452 2839 653 2924 uendidisse,
673 2862 731 2927 pro
747 2839 922 2908 duodecim
937 2835 1058 2908 marcis
1075 2839 1133 2906 fini
1145 2843 1274 2926 argenti
1291 2840 1415 2909 Comiti
1431 2842 1510 2908 Her·

385 2949 488 3016 bordo
505 2950 573 3017 filio
590 2951 730 3036 Heneng
745 2949 785 3016 de
801 2949 908 3035 Winc,
925 2947 1158 3044 possidendam
1175 2951 1245 3018 iure
1269 2957 1431 3036 perpetuo
1451 2967 1509 3034 per

379 3055 466 3126 tilios
482 3054 634 3143 filiorum,
646 3057 791 3143 acceptis
808 3064 841 3124 et
857 3057 956 3142 plene
971 3055 1093 3124 habitis
1106 3056 1189 3144 ipsis
1202 3054 1376 3124 duodecim
1386 3057 1509 3123 marcis

381 3184 441 3252 per
458 3167 566 3249 ipsum
582 3164 762 3250 Thomam,
779 3175 814 3232 ut
832 3164 920 3232 idem
938 3163 1040 3250 dixit,
1057 3183 1078 3229 a
1095 3163 1221 3232 comite
1237 3165 1413 3232 Herbordo
1437 3183 1508 3250 pre·
1606 3148 1607 3159 ¹

384 3280 509 3342 notato.
526 3271 598 3351 oue
609 3273 741 3357 quidem
756 3275 925 3358 possessio
942 3292 962 3339 a
977 3277 1072 3360 parte
1088 3274 1298 3340 meridionali
1315 3272 1414 3342 terris
1430 3272 1509 3340 uille

383 3381 581 3465 Ruhomark,
598 3401 619 3447 a
634 3387 728 3466 parte
752 3379 952 3448 occidentali
968 3383 1065 3448 terris
1080 3380 1221 3448 liliorum
1240 3379 1354 3467 Ohecl,
1381 3382 1509 3468 Spreng
1605 3465 1606 3468 Ἴ

382 3489 522 3573 uocatis,
540 3497 673 3574 aparte
692 3508 768 3556 uero
786 3489 1036 3576 septentrionali
1052 3497 1086 3556 et
1101 3489 1253 3558 orientali
1261 3489 1368 3558 ‘terris
1385 3490 1509 3558 Scekes
1605 3551 1606 3554 ,

385 3604 607 3665 commetatur.
634 3599 677 3663 Vt
693 3598 793 3684 igitur
818 3617 957 3684 presens
972 3596 1122 3664 uendicio
1140 3604 1172 3665 et
1192 3596 1320 3684 empoio
1346 3603 1508 3684 perpetuo

385 3712 603 3792 personarent,
622 3706 667 3774 ad
683 3706 877 3775 instanciam
895 3714 928 3774 ct
942 3707 1137 3796 peticionem
1150 3705 1277 3772 Thome
1292 3726 1332 3773 ac
1345 3703 1508 3772 Herbordi
1605 3779 1606 3800 ξ

388 3813 607 3902 predictorum
624 3819 795 3900 presentes
812 3817 1032 3883 concessimus
1048 3798 1182 3884 litteras
1198 3812 1379 3880 munimine
1399 3819 1509 3879 auten·
1606 3806 1607 3809 ’

382 3923 439 3990 tici
455 3921 556 4010 sigilli
581 3921 685 3990 nostri
710 3922 924 3991 communitas
940 3960 983 3972 -
1000 3961 1041 3972 -
1059 3919 1181 3990 Datum
1205 3940 1291 3988 anno
1317 3921 1454 3988 Domini
1470 3957 1508 3968 —

422 4225 562 4296 (Teutsch
578 4223 610 4283 es
623 4221 784 4285 Firnhaber
796 4225 835 4284 id.
848 4243 884 4284 m.
898 4225 920 4285 I.
934 4226 994 4286 kat.
1007 4224 1069 4286 223.
1081 4224 1101 4284 l.
1113 4225 1133 4284 l.
1147 4225 1211 4286 l'ent
1229 4246 1252 4286 a
1265 4215 1475 4297 liii-'szdmotl

826 4543 904 4554 ..n—..u-
911 4546 957 4554 υ..--
964 4545 1070 4556 ...m-——u
