3166 5238
835 283 994 386 joe—

354 485 525 568 Ladinlai,
552 491 585 550 et
600 483 786 551 bominibus
812 482 979 569 adipsum
1000 484 1263 570 pertinentibus,
1295 487 1381 552 utin
1406 487 1475 572 ipso

353 592 620 676 quintodecimo
647 589 700 658 die
725 597 921 677 conpareret
941 591 1013 674 ipse
1040 589 1216 660 Ladizlaus
1245 595 1475 677 personaliter,

352 699 394 766 de
410 699 498 767 iaoto
515 699 712 784 principali,
743 697 833 763 etde
846 697 1004 783 judioijs,
1031 697 1125 764 uobis
1144 705 1182 764 ut
1191 700 1322 786 judici,
1342 707 1376 765 et
1392 702 1477 784 parti

353 808 496 876 aduerte
520 805 754 890 satistaueret3
781 805 942 874 citassent
965 803 1070 871 seiam
1098 807 1224 875 vioinos
1251 814 1285 873 et
1302 816 1478 876 commeta·
1573 869 1574 872 ,

355 931 435 983 neos
461 912 608 980 eiusdem
633 913 805 994 Ladizlai,
836 912 992 980 uidelicet
1019 913 1208 998 magistrum
1238 915 1356 980 Iharus
1380 914 1478 981 lilium
1573 921 1574 942 i

355 1020 504 1106 Gregorij
522 1022 555 1086 in
583 1017 637 1084 die
653 1019 929 1104 introduooionis,
956 1019 1002 1086 ad
1018 1020 1167 1104 quintum
1195 1021 1363 1089 deoimum
1380 1022 1477 1103 diem,

354 1127 511 1196 uidelicet
526 1125 570 1192 ad
586 1125 706 1192 festum
732 1125 829 1192 Beati
845 1125 965 1195 Jaoobi
982 1126 1133 1207 Apostoli
1159 1127 1205 1192 ad
1232 1134 1377 1194 uestram
1408 1147 1477 1211 pre-

353 1237 508 1302 senoiam.
534 1234 657 1300 Datum
673 1235 707 1302 in
733 1235 848 1320 vigilia
865 1234 959 1301 Beati
984 1233 1104 1302 Jacobi
1129 1235 1303 1319 Apostoli,
1330 1242 1363 1300 et
1389 1255 1477 1303 anno

353 1341 487 1411 Domini
501 1340 552 1408 Μο
568 1340 637 1408 00ο
653 1345 869 1429 nonagesimo
885 1361 983 1411 nono.

461 1543 568 1610 leynam
587 1539 723 1596 flttirata
743 1555 797 1592 ez:
820 1533 941 1608 „comiti
954 1537 1043 1594 Petro
1063 1541 1093 1590 et
1112 1539 1235 1607 quatuor
1253 1537 1407 1594 iudicibus
1427 1556 1476 1609 pro

356 1629 497 1686 Miuhaelo
515 1627 574 1685 lilio
593 1625 773 1684 Douecher.“
794 1629 819 1682 Ε
832 1625 1026 1697 bb'rhtrtytru
1044 1625 1114 1682 irott
1126 1625 1325 1682 ztrtlevtlnelr
1338 1625 1474 1683 hitaraa

354 1737 394 1776 sn.
413 1717 516 1789 Egyod
536 1720 667 1791 somogyi
686 1717 815 1773 konvant
835 1735 909 1773 anon
930 1715 1048 1789 pecsdte
1071 1731 1129 1771 van
1147 1732 1293 1786 nyomva,
1323 1717 1399 1787 msly
1418 1716 1474 1773 riz-

353 1808 533 1879 nyomatban
553 1826 571 1863 a
584 1806 708 1879 Magyar
720 1805 900 1863 'l'iirtenelmi
914 1806 1034 1862 Tarban
1053 1807 1089 1874 11,
1103 1807 1147 1862 83.
1161 1806 1283 1874 rithmo,
1303 1809 1377 1862 mint
1389 1825 1473 1878 nagy-

355 1899 428 1971 siga
447 1916 461 1954 s
480 1895 596 1968 nemsly
615 1897 651 1968 tp
664 1897 746 1954 betiii
765 1897 918 1967 mutatjtk.
940 1897 1066 1954 Misolta
1079 1895 1194 1954 Horvtt
1212 1896 1314 1955 Istvan
1333 1915 1352 1954 a
1365 1899 1472 1968 Kapou-

353 1987 444 2046 Merei
464 1985 565 2060 Marsy
583 1985 689 2044 Laenio
709 1985 917 2060 peldtuytbtl.
935 1975 1019 2055 lircly.

782 2283 1053 2298 m

881 2871 959 2938 tea.

359 3086 386 3152 A
401 3110 443 3150 aa.
462 3087 570 3171 Eyued
585 3086 722 3171 somoyyi
736 3086 904 3170 bouveutje
920 3086 1075 3168 tudoattja
1090 3107 1128 3148 oz
1145 3083 1231 3148 illoto
1246 3085 1387 3168 birdlcat,
1403 3086 1474 3170 boqy

354 3218 375 3256 a
391 3193 580 3258 birtoltuuolo
606 3192 824 3257 eloesztesibeu
847 3190 1032 3256 maranatalt
1059 3191 1258 3274 Ldsatobale,
1284 3193 1408 3256 loduico
1416 3195 1475 3278 fid·

354 3304 429 3386 aab,
447 3300 561 3365 oberat
577 3303 659 3364 nevel
682 3299 956 3385 birtoleijoydoolr
965 3351 975 3384 ,
1000 3297 1196 3362 niversensi·
1211 3321 1273 3362 som
1281 3299 1476 3383 jelealceaelt,

355 3410 434 3495 boyy
450 3420 502 3473 uzt
519 3408 575 3472 ltb‘z
591 3407 681 3471 beotii
696 3409 812 3472 suerint
829 3407 978 3492 libatae,
995 3407 1046 3470 ket
1062 3407 1159 3469 re'sao't
1175 3406 1367 3470 ubirdkruolr
1383 3407 1475 3471 birsa·

354 3516 409 3602 quil
421 3565 430 3601 ,
455 3537 511 3600 e9y
526 3516 622 3580 re'sztt
644 3515 740 3600 pediu
765 3537 785 3578 a
801 3515 967 3579 burostrott
981 3511 1094 3598 salonit
1110 3536 1131 3577 a
1154 3513 1333 3600 helysaioea
1358 3515 1475 3580 dtadta.

789 3623 886 3686 1299.
903 3643 978 3708 naq.
994 3623 1048 3688 29.

466 3817 552 3886 Viris
569 3817 734 3886 nobilibus
746 3817 864 3884 Comiti
874 3821 972 3890 Petro
982 3818 1181 3902 Viae-jndioi
1197 3818 1352 3900 magistri
1361 3820 1478 3886 Irance

358 3927 495 3996 Comitis
512 3926 730 4010 Symigrensis
746 3933 779 3992 et
795 3933 935 4009 quatuor
950 3926 1123 3996 Judioibus
1139 3924 1310 3994 Nobilium
1334 3925 1475 3992 eiusdem

356 4035 558 4119 Comitatus,
576 4037 765 4104 conuentus
786 4039 979 4122 Monastorij
996 4037 1110 4104 Sanoti
1126 4034 1237 4120 Egidij
1260 4036 1301 4102 de
1329 4034 1475 4122 Symigio

358 4145 507 4216 debitum
524 4143 677 4213 amioioie
694 4151 728 4210 et
744 4143 887 4214 honoris.
905 4146 1049 4212 Litteras
1062 4151 1174 4210 uestro
1189 4143 1376 4211 nobilitatis
1394 4159 1473 4208 reue-

361 4253 470 4337 pimns
486 4252 520 4319 in
534 4251 596 4320 lreo
610 4253 715 4319 uerba
731 4275 739 4314 ε

465 4359 589 4426 Amiois
615 4379 725 4430 eorum
741 4359 948 4448 karissimis,
975 4359 1161 4428 (innuentui
1181 4357 1406 4444 symigiensi,
1424 4356 1474 4424 οο-

356 4487 426 4534 mes
443 4468 558 4533 Petrus
576 4466 771 4551 Viae-judex
786 4467 937 4554 magistri
953 4469 1084 4534 lwanoe
1101 4463 1238 4534 Oomitis
1257 4463 1470 4552 Symigionsis

357 4580 390 4642 et
416 4580 559 4658 quatuor
583 4573 718 4643 Judioes
745 4575 914 4642 Nobilium
930 4575 1077 4644 eiusdem
1095 4573 1279 4642 Comitatus
1296 4569 1470 4641 amioioian
