3214 5238
621 1143 695 1211 rto.

66 1450 69 1454 ·
105 1412 278 1498 Mohafiai
294 1415 361 1478 tou
384 1413 517 1500 lsipmoo
542 1417 711 1498 uemzetsdq
727 1411 856 1478 embadi
881 1413 1003 1499 Torjda
1020 1376 1124 1478 birtolo
1135 1409 1230 1497 folett

181 1543 220 1586 uz
235 1522 416 1609 ecaterpanoo'
430 1519 586 1608 Iodptolau
601 1521 673 1588 olto
689 1519 907 1608 eppozoodook.
929 1521 1179 1604 dms.-
1195 1480 1319 1616 4262,
1406 1541 1407 1549 “

216 1792 286 1859 Nos
304 1789 343 1858 d.
359 1789 550 1876 Propositus
568 1785 804 1878 ot'ssapilulum
820 1790 971 1857 Ecclesie
996 1786 1232 1872 Strigoniensis

108 1897 227 1983 *damus
243 1918 303 1983 pro
319 1899 498 1983 memoria,
516 1900 605 1983 quod
622 1919 695 1966 cum
711 1898 797 1965 inter
812 1896 1006 1980 Mahariam,
1022 1895 1234 1988 Mardardum

113 2014 146 2073 st
160 2005 276 2074 Mohor
301 2005 387 2075 lilios
402 2007 499 2075 Moha
516 2027 559 2074 ac
585 2005 820 2094 generaciones
845 2025 956 2074 eorum
982 2025 1022 2071 ex
1037 2026 1103 2074 vna
1127 2012 1232 2089 purte,

110 2112 282 2183 Nicolaum
298 2115 403 2182 filium
416 2114 535 2201 Myke,
560 2112 737 2182 Martinum
753 2113 854 2180 lilium
871 2115 1002 2202 Mycou,
1017 2113 1118 2202 Myke
1133 2112 1236 2179 filium

117 2221 256 2309 Naney‚
282 2225 430 2312 Moysem
445 2224 547 2292 filium
563 2221 707 2309 Thema,
732 2223 905 2291 Nicolaum
922 2229 955 2292 et
978 2223 1236 2319 Jacobum‘filios

120 2328 235 2414 Opooh
260 2330 302 2397 de
327 2351 448 2418 genere
474 2331 615 2419 Vigman
640 2321 681 2399 ei
700 2334 825 2416 altera,
852 2351 952 2418 super
976 2333 1073 2399 terris
1098 2326 1237 2399 (lanzeri

112 2435 225 2505 fratris
241 2441 410 2528 ipsorum,
440 2460 521 2525 quas
537 2444 572 2510 in
587 2448 677 2536 terra
692 2439 815 2508 Tarian
831 2447 898 2507 tam
917 2460 958 2508 ex
979 2440 1161 2510 donacione
1178 2440 1239 2506 Re·

112 2546 179 2630 gia,
198 2565 295 2630 quam
323 2549 417 2617 titulo
444 2551 622 2636 empciouis
648 2549 859 2636 possederat,
880 2569 990 2618 coram
1016 2550 1177 2634 magistro
1202 2548 1239 2614 L.

75 2732 78 2736 ¹
112 2653 230 2721 iudice
246 2653 344 2722 Curie
360 2655 484 2724 domini
501 2658 611 2743 Regis,
629 2656 756 2725 comite
773 2657 973 2745 Zaladiensi,
987 2664 1103 2724 exorta
1121 2655 1241 2724 fuisset

113 2764 254 2832 materia
270 2765 460 2852 questionis,
477 2773 511 2832 et
527 2766 643 2836 eodem
655 2765 770 2854 judice
787 2765 1008 2853 permittente,
1024 2765 1138 2832 taliter
1153 2765 1239 2831 inter

111 2878 227 2960 partes
254 2873 418 2941 extitisset
445 2873 655 2943 ordinatum:
681 2875 775 2955 Quod
799 2875 879 2943 dicti
904 2873 963 2960 filij
988 2872 1088 2939 Moha
1117 2880 1238 2939 terram

112 2981 260 3048 eiusdem
276 2981 334 3068 d,
352 3001 448 3064 quam
466 3001 508 3048 ex
524 2983 707 3054 donacione
734 2981 840 3068 Regia
866 2983 1073 3064 obtinuerat,
1100 2979 1239 3066 prefatis

111 3087 252 3158 Nicolao
279 3097 312 3157 et
337 3129 380 3140 -
405 3127 449 3140 -
476 3091 545 3159 suis
570 3092 782 3173 reliquissent
807 3090 945 3175 pacifice
980 3087 1238 3175 possidendam

112 3195 214 3264 aliam
230 3217 309 3265 uero
325 3198 574 3283 porciunculam
589 3198 736 3266 eiusdem
752 3205 857 3282 terre,
883 3217 985 3280 quam
1011 3196 1098 3263 idem
1114 3195 1148 3263 C.
1165 3213 1240 3279 pos-

112 3303 248 3372 sederat
269 3304 362 3371 titulo
386 3305 575 3390 empcionis,
600 3305 715 3375 domos
730 3341 774 3353 —
790 3340 835 3355 ·-
854 3307 889 3372 in
916 3305 1032 3374 eadem
1053 3310 1144 3371 terra
1171 3301 1238 3370 exi-

111 3419 239 3480 stentes
262 3411 406 3496 predicti
428 3413 586 3482 Nicolaus
611 3421 644 3480 et
667 3407 748 3500 sooij
773 3415 823 3482 sui
849 3432 921 3480 oum
946 3417 1086 3497 quatuor
1119 3409 1241 3477 marcis

110 3520 222 3586 minus
246 3518 372 3587 fertone
403 3520 437 3586 in
462 3521 636 3604 quindenis
669 3521 784 3589 Sancti
810 3521 984 3589 Michaelis
1011 3519 1116 3587 adse
1150 3517 1237 3585 redi-

110 3643 206 3692 mere
221 3622 381 3693 deberent
393 3645 503 3694 coram
520 3627 615 3695 nobis
625 3677 635 3713 ‚
660 3628 780 3714 partim
797 3629 830 3695 in
848 3629 997 3715 denarijs
1013 3625 1236 3707 stateralibus,

111 3732 289 3823 partimin
305 3733 450 3819 denarijs
467 3737 688 3825 manutentis5
716 3745 749 3805 et
767 3758 846 3824 pars
862 3739 904 3806 de
920 3740 984 3806 ista
1000 3733 1241 3823 composicione

79 3888 86 3902 ,
114 3840 271 3910 resiliens
289 3840 324 3906 in
341 3842 442 3927 duplo
459 3843 547 3912 dicte
567 3845 708 3930 pecunie
727 3852 922 3931 remaneret,
946 3852 1050 3930 prout·
1066 3845 1100 3908 in
1123 3843 1241 3908 litteris

121 3947 246 4035 prefati
266 3949 386 4034 judicis
410 3949 552 4019 vidimus
576 3951 755 4042 contineri3
780 3954 929 4041 partibus
957 3955 989 4018 in
1012 3949 1160 4036 predicto
1179 3955 1241 4014 ter-

125 4057 217 4125 mino
242 4077 352 4126 coram
376 4059 472 4127 nobis
497 4061 701 4146 constitutis,
735 4062 895 4148 sepedicti
922 4061 1081 4128 Nicolaus
1104 4062 1137 4123 et
1160 4056 1241 4142 socij

123 4167 181 4235 sui
203 4165 315 4252 parali
337 4173 432 4236 erant
454 4168 629 4253 pecuniam
655 4170 785 4238 soluere
808 4173 1041 4252 memoratam,
1066 4186 1164 4250 quam
1187 4182 1243 4229 no·

118 4275 176 4344 bis
199 4268 491 4362 presentanerunt,
515 4283 549 4342 et
571 4276 717 4347 adversa
738 4295 815 4366 pars
839 4297 876 4346 se
900 4276 949 4344 eis
973 4275 1017 4343 ad
1040 4269 1243 4343 satisfaccio-

121 4400 202 4449 nem
225 4379 403 4468 offerebat3
428 4385 488 4452 sed
512 4384 629 4455 Petrus
652 4383 739 4453 filius
762 4387 880 4474 Tynan
900 4404 960 4472 pro
977 4405 1023 4472 se,
1047 4391 1080 4450 et
1098 4381 1244 4449 Abraam

128 4492 281 4561 Ecclesie
303 4496 415 4560 nostre
437 4492 676 4578 prebendarius
706 4515 768 4581 pro
791 4494 936 4580 Egregio
968 4493 1071 4559 fratre
1095 4489 1243 4559 eiusdem

124 4602 217 4671 Petri
241 4621 349 4675 coram
366 4608 462 4676 nobis
486 4603 662 4693 constituti,
680 4602 861 4694 predictum
879 4606 1082 4670 contractum
1098 4599 1243 4669 inhibue-
