3188 5238
880 941 936 1008 ib.

354 1165 416 1232 m.
431 1165 540 1230 Badra
563 1165 669 1249 biratp
693 1163 807 1228 Peecbi
822 1163 974 1226 Petemdc
989 1169 1019 1226 ts
1034 1162 1233 1226 testemiueir
1249 1161 1361 1245 Badey
1383 1163 1461 1223 need

349 1272 491 1354 birtolrot,
508 1281 586 1358 moly
601 1272 712 1337 Mosco
735 1273 854 1357 mepyei
876 1270 1021 1335 odrdack
1029 1268 1256 1358 jodbdpyfiilde
1281 1269 1362 1342 coit,
1387 1291 1460 1332 aeon

346 1379 652 1467 vdrjobbdpyokock,
677 1379 733 1442 kik
757 1387 809 1442 aze
833 1378 960 1459 birta'k,
987 1376 1161 1462 tdebmepe
1178 1374 1311 1462 folytdn
1337 1375 1459 1438 edoma

780 1507 907 1572 ayoaao.
923 1486 1022 1551 1295.

468 1695 618 1770 Andreas
645 1698 708 1770 Dei
733 1701 850 1784 gracia
875 1700 1066 1784 Hungarie,
1093 1699 1284 1782 Dalmacie,
1312 1698 1458 1780 (troanie,

347 1815 461 1894 Reme,
479 1807 613 1890 Sernie,
631 1807 791 1890 Gallicis,
809 1808 1029 1892 Lodomeric,
1046 1807 1459 1890 ormanie,ssu1garieque

349 1923 429 1998 Rex,
446 1919 595 1986 omnibns
612 1917 734 1986 Christi
750 1915 914 1998 fidelibus,
934 1924 1000 1986 tam
1021 1917 1249 2002 presentibus,
1267 1936 1365 2002 quam
1382 1914 1460 1983 futu-

348 2031 393 2096 ris
408 2027 609 2114 presencium
627 2025 782 2092 noticiam
806 2025 989 2106 habituris,
1016 2029 1155 2094 salntem
1174 2024 1207 2090 in
1222 2026 1365 2093 Domino
1382 2045 1459 2092 seru-

347 2141 519 2224 piternam.
537 2136 588 2204 Ad
604 2135 829 2203 universorum
846 2135 1004 2202 noticiam
1021 2143 1135 2201 tenore
1150 2134 1356 2222 presencium
1374 2135 1459 2214 voln-

346 2267 417 2315 mus
433 2245 616 2334 pervenire,
632 2243 722 2326 quod
735 2241 865 2310 nobiles
882 2243 944 2310 viri
953 2245 1083 2326 Petrus,
1100 2241 1277 2309 Ladisiaus
1293 2249 1327 2308 et
1342 2241 1461 2311 Joban-

346 2378 405 2427 nes
421 2355 480 2424 filii
497 2351 652 2420 Iuvanobe
678 2352 719 2417 de
744 2349 851 2418 Peech
867 2352 911 2420 ad
936 2359 1082 2419 nostram
1110 2351 1306 2416 accedentes
1333 2368 1460 2435 presen-

349 2463 454 2549 ciam,
471 2459 648 2545 qnamdam
664 2465 782 2525 terram
796 2456 1015 2543 jobagionum
1041 2459 1141 2524 castri
1157 2459 1262 2526 nostri
1277 2456 1459 2524 Musunien-

348 2573 395 2640 sis
410 2570 535 2656 Bodey,
552 2574 717 2651 vocatam,
734 2565 767 2630 in
783 2564 950 2633 comitatu
960 2567 1127 2658 Jauriensi
1148 2567 1355 2649 existentem,
1372 2586 1459 2634 ano·

347 2682 399 2750 bis
413 2681 476 2749 sibi
493 2679 567 2747 dari
590 2676 809 2762 postularunt.
834 2676 954 2743 Verum
978 2676 1113 2760 quiade
1136 2677 1296 2758 qualitate
1313 2683 1346 2744 et
1362 2695 1459 2762 quan-

348 2790 444 2858 titate
460 2787 549 2854 dicte
565 2793 651 2852 terre
678 2786 774 2852 nobis
790 2784 912 2852 veritas
932 2804 999 2853 non
1020 2785 1215 2871 constabat,
1239 2782 1395 2851 fidelibus
1409 2804 1460 2851 no

348 2897 425 2967 stris
441 2895 592 2980 capitulo
616 2894 784 2962 Jauriensi
810 2894 958 2963 dedimus
974 2896 1008 2962 in
1024 2895 1212 2980 mandatis,
1238 2905 1275 2961 ut
1290 2915 1384 2962 suum
1400 2893 1458 2960 da-

347 3011 423 3072 rent
436 3003 675 3086 testimonium,
701 3022 812 3071 coram
829 3023 894 3086 quo
912 3003 1099 3088 Stephanus
1122 3003 1210 3072 filins
1226 3002 1351 3091 Idegen
1367 3003 1458 3071 homo

349 3119 460 3179 noster
475 3113 597 3180 dictam
611 3117 731 3179 terram
759 3109 950 3179 conuocatis
966 3113 1199 3180 commetaneis
1220 3121 1253 3180 et
1280 3112 1397 3180 vicinis
1411 3133 1457 3178 re-

349 3221 543 3303 ambularet,
561 3228 596 3287 et
612 3223 770 3288 statueret
792 3217 868 3287 filiis
883 3219 1012 3290 Ivanka
1028 3224 1229 3308 memoratis,
1252 3223 1281 3288 si
1296 3241 1362 3288 non
1379 3221 1460 3291 foret

348 3331 606 3415 contradictum,
632 3328 925 3397 contradictoribus
941 3329 986 3395 ad
1001 3337 1147 3398 nostram
1167 3330 1373 3417 presenciam
1389 3350 1459 3399 evo·

348 3440 441 3507 catis.
458 3439 595 3505 Domum
610 3436 697 3504 idem
715 3437 903 3523 Capitulum
929 3437 1022 3508 nobis
1039 3440 1230 3524 rescripsit,
1256 3440 1344 3524 qnod
1360 3440 1458 3506 homi-

348 3566 551 3626 nemorum,
568 3566 639 3616 cum
654 3548 823 3635 Stephano
840 3546 969 3615 bomine
986 3553 1099 3616 nostro
1119 3548 1266 3636 predicto
1297 3549 1459 3616 misissent

348 3677 406 3746 pro
423 3657 607 3726 testimonio
625 3655 836 3741 fidedignum,
852 3654 896 3720 ad
911 3657 1180 3725 reambulandam
1204 3663 1326 3727 terram
1344 3660 1458 3748 Budey

348 3773 500 3836 vocatam
526 3772 752 3850 memoratam,
778 3771 813 3833 et
828 3765 1037 3834 statuendam
1053 3767 1170 3848 Petro,
1186 3767 1343 3835 Ladislao
1361 3775 1392 3836 et
1407 3770 1460 3838 Jo·

348 3874 450 3943 hanni
474 3873 550 3940 filiis
576 3871 697 3940 Ivanoe
722 3871 942 3962 supradietis,
968 3875 1025 3957 qui
1041 3875 1179 3946 eandem
1202 3885 1324 3944 terram
1349 3877 1460 3962 Budey

350 3986 393 4052 ad
408 3985 521 4053 decem
538 3989 651 4051 aratra
669 3981 898 4068 sufficientem,
915 3983 1010 4052 simul
1027 4003 1099 4052 cum
1116 3984 1268 4071 virgulto,
1287 3988 1375 4053 sicut
1390 3987 1459 4053 visu

350 4092 556 4161 considerare
573 4099 767 4181 potuerunt,
785 4112 935 4180 vacuam,
953 4101 986 4160 et
1001 4093 1240 4165 habitatoribus
1260 4095 1459 4177 destitutam,

350 4201 410 4272 sub
427 4202 522 4269 metis
539 4203 682 4287 antiquis
699 4207 732 4268 et
741 4201 901 4287 terminis,
918 4205 1106 4272 convocatis
1118 4203 1265 4271 omnibus
1283 4203 1412 4288 uicinis,
1429 4211 1458 4270 et

350 4313 583 4380 commetaneis
600 4310 748 4380 eiusdem
774 4319 881 4396 terre,
907 4314 1102 4381 statuissent
1117 4315 1235 4400 Petro,
1251 4314 1412 4383 Ladislao
1428 4322 1458 4380 et

348 4417 491 4489 Johanni
506 4417 581 4488 filiis
598 4419 741 4498 lucres,
757 4439 797 4490 ac
814 4417 891 4488 filiis
908 4419 1058 4490 Aladarii
1073 4422 1163 4492 nullo
1182 4421 1316 4508 penitus
1332 4429 1454 4492 contra·

348 4528 472 4598 dictore
490 4530 663 4597 existente.
680 4530 749 4597 Nos
765 4530 877 4614 itaque
887 4531 1104 4599 consideratis
1121 4530 1333 4600 fidelitatibus
1345 4539 1379 4599 et
1393 4549 1454 4598 ser-

350 4639 506 4722 vitiorum
534 4637 659 4705 meritis
685 4638 904 4725 predictorum
930 4639 1039 4727 Petri,
1070 4640 1218 4708 Ladislai
1242 4648 1274 4707 et
1299 4639 1453 4707 Johannis
