3262 5242
851 379 1001 486 -pn‘

368 589 400 649 ct
416 581 591 650 exercitum
617 581 687 648 eius
713 580 995 666 proficiscerentur
1019 580 1087 648 suis
1111 580 1253 666 proprijs
1270 581 1301 646 in
1321 579 1482 664 personis,
1515 549 1522 566 ⁹

368 690 456 757 circa
472 689 652 756 Ecclesiam
671 689 785 756 Sancti
795 688 927 775 Georgij
945 688 1154 758 constitutam
1166 689 1198 752 in
1218 687 1314 754 metis
1328 687 1400 753 siue
1421 691 1484 750 ter-

296 868 299 875 ,
367 797 464 863 minis
481 796 651 882 Hungarie
668 803 700 862 et
726 797 858 864 Austris
876 797 1054 882 regionum,
1082 794 1166 861 teria
1194 800 1311 876 quarta
1335 795 1485 878 proxima

367 910 441 990 post
466 904 583 971 festum
609 905 710 973 Beate
736 904 881 990 Virginis
907 904 1116 988 Margarethe
1141 903 1202 970 hoo
1228 923 1313 968 anno
1337 899 1484 980 instanti,

368 1019 518 1079 strenuus
543 1013 637 1079 miles
655 1012 824 1078 Johanncs
849 1011 935 1079 filius
961 1012 1047 1080 Petri
1069 1011 1191 1077 nobilis
1216 1009 1348 1094 iobagio
1376 1007 1486 1074 Castri

367 1117 590 1204 Posoniensis,
608 1117 793 1183 eorumdem
809 1117 970 1186 sociorum
996 1126 1028 1185 et
1051 1117 1341 1185 concanonicorum
1359 1123 1485 1181 nostro·

367 1246 447 1310 rum,
465 1225 650 1292 eduliorum
667 1223 830 1294 hominum
841 1225 887 1292 ad
901 1226 1101 1310 presenciam
1116 1224 1287 1300 accedens,
1304 1223 1438 1308 propria
1454 1222 1487 1286 in

368 1355 520 1422 persona,
537 1334 685 1403 discretis
701 1335 800 1418 viris,
828 1336 996 1419 magistris
1013 1334 1182 1402 Dominieo
1205 1332 1372 1417 Preposito
1388 1331 1488 1397 Poso-

368 1442 474 1517 niensi
491 1443 666 1511 karissimo
691 1443 726 1508 in
741 1442 883 1512 Domino
900 1442 989 1512 socio
1006 1452 1037 1511 et
1054 1443 1153 1510 fratre
1179 1447 1289 1508 nostro
1316 1439 1363 1507 ibi
1381 1439 1486 1507 eciam

371 1549 554 1634 constituto,
571 1549 681 1618 taliter
696 1557 896 1635 protestatus
923 1550 1053 1636 publico
1070 1550 1213 1616 extiterit
1238 1555 1271 1615 et
1287 1547 1460 1616 confessus
1477 1572 1485 1614 ε

370 1656 544 1742 quodcum
561 1657 813 1745 ipseJohannes
831 1657 962 1725 heredis
972 1657 1095 1724 solacio
1113 1655 1285 1722 destitutus
1307 1657 1340 1722 in
1357 1657 1489 1741 agmine

371 1763 517 1832 eiusdem
533 1763 785 1832 domini'nostri
809 1767 910 1850 Regis
937 1765 1043 1834 eidem
1068 1763 1198 1830 domino
1215 1764 1298 1851 Regi
1314 1773 1348 1832 et
1373 1769 1487 1851 Regno

371 1893 431 1942 suo
447 1879 563 1942 eontra
580 1874 685 1960 ipsum
695 1876 819 1942 Ducem
835 1876 965 1941 Austris
982 1881 1015 1941 et
1026 1873 1247 1940 Theotonicos
1262 1893 1339 1940 suos
1355 1875 1490 1942 Austra·
1570 1861 1573 1871 ’

370 1984 420 2050 les
436 2001 496 2067 pro
513 1983 633 2050 viribus
650 1991 682 2051 et
697 2004 755 2069 pro
774 2003 881 2069 posse,
899 1991 1054 2065 quantum
1070 1981 1161 2052 Deus
1177 1983 1350 2070 permittet,
1368 1985 1489 2051 seruire

372 2089 511 2157 fideliter
527 2091 676 2160 intendat
692 2113 762 2158 cum
779 2090 936 2161 effusione
954 2092 1005 2159 sui
1021 2094 1191 2174 sanguinis
1202 2091 1398 2180 dimicando,
1416 2112 1488 2160 con-

377 2197 584 2282 sideretque,
610 2209 645 2266 vt
659 2200 739 2269 belli
755 2199 870 2266 dubius
887 2201 930 2265 sit
951 2206 1097 2285 euentus,
1123 2208 1156 2266 et
1171 2199 1273 2267 nichil
1298 2199 1340 2264 sit
1366 2201 1488 2270 cercius

374 2312 477 2374 morto
493 2314 526 2374 et
541 2307 705 2376 incercins
721 2309 803 2377 hora
813 2305 935 2393 mortis,
953 2316 986 2374 ct
1000 2309 1117 2376 melius
1137 2308 1256 2378 existat
1275 2313 1403 2394 tempus
1420 2329 1488 2412 pre-

373 2416 494 2498 uenire,
512 2435 608 2498 quam
624 2439 645 2486 a
662 2426 809 2503 tempore
824 2417 1007 2504 preueniri,
1034 2419 1176 2485 maxims
1191 2417 1226 2482 in
1242 2415 1330 2485 facto
1347 2417 1426 2486 talis
1442 2417 1487 2483 di-

373 2521 535 2590 scriminis
550 2526 734 2611 generalis,
760 2528 831 2610 ipse
847 2525 1026 2610 iohannes,
1045 2547 1103 2594 seu
1119 2527 1162 2593 ab
1181 2525 1293 2592 eodem
1310 2525 1397 2594 bello
1414 2546 1486 2594 cua·

374 2631 442 2716 dat,
460 2631 529 2699 siue
545 2632 576 2698 ci
592 2634 776 2701 humaniter
790 2637 825 2702 in
842 2637 956 2702 codem
974 2635 1109 2703 euenire
1128 2635 1305 2720 contingat,
1324 2635 1486 2718 quandam

373 2741 625 2826 possessionem,
643 2740 774 2826 villam,
791 2762 849 2810 seu
868 2749 989 2809 terram
1006 2763 1097 2812 snam
1114 2742 1260 2810 Thurnie
1276 2750 1428 2810 uocatam
1444 2744 1487 2808 in-

373 2855 424 2913 ter
438 2847 583 2932 Tymam
608 2855 640 2917 et
666 2851 838 2932 Posonium
863 2853 1076 2941 existentem,
1102 2853 1314 2937 plenitudinis
1342 2871 1402 2920 sue
1432 2851 1488 2918 sub

374 2955 517 3038 antiquis
534 2957 699 3039 terminis,
729 2957 799 3026 siue
815 2963 930 3045 metis,
958 2963 1074 3043 quibus
1092 2981 1113 3028 a
1128 2967 1295 3044 tempore,
1319 2961 1411 3027 cuius
1428 2981 1489 3029 non

376 3068 468 3130 extat
483 3067 659 3151 memoria,
676 3067 718 3132 ab
735 3066 812 3133 olim
828 3070 936 3136 extitit
952 3071 1112 3154 limitata,
1139 3069 1272 3154 habita,
1291 3075 1322 3134 et
1338 3087 1491 3154 possessa

377 3168 482 3238 sidem
499 3171 647 3242 Ecclesia
665 3173 778 3242 Sancti
795 3178 981 3246 saluatoris
999 3177 1040 3244 de
1053 3181 1215 3257 Posonio,
1233 3179 1324 3246 cuins
1342 3177 1489 3265 progeni·

376 3284 464 3346 tores
481 3283 513 3344 ct
529 3285 757 3348 antecessores
783 3285 851 3352 cius
877 3291 952 3350 sunt
965 3287 1035 3352 veri
1052 3285 1200 3370 patroni,
1226 3300 1285 3370 pro
1302 3284 1448 3354 remedio
1463 3293 1491 3350 et

376 3385 546 3470 refrigerio
563 3391 670 3454 anime
689 3409 747 3456 suc
764 3399 796 3456 ct
821 3399 990 3476 parentum
1007 3411 1046 3459 ac
1071 3393 1209 3459 aliorum
1226 3413 1374 3460 carorum
1392 3402 1426 3462 ct
1443 3415 1491 3463 uo·

376 3500 549 3580 gnatorum
565 3515 695 3562 suorum
720 3498 887 3582 reliquerit
920 3508 952 3567 et
971 3501 1143 3569 donauerit
1154 3502 1165 3585 ¹,
1180 3515 1229 3569 'ac
1245 3505 1421 3571 contulerit
1436 3523 1491 3590 pro

376 3600 551 3669 obtinendo
577 3603 694 3670 salutis
721 3607 835 3675 brauio
864 3607 985 3675 intuitu
1011 3616 1194 3677 eternorum
1220 3611 1254 3676 in
1281 3611 1491 3681 elemosinam

376 3708 619 3794 sempiternam,
636 3710 669 3774 in
687 3711 832 3778 eiusdem
850 3714 996 3782 Ecclesie
1022 3716 1191 3801 cymiterio
1207 3714 1291 3784 inter
1308 3737 1404 3787 curor
1421 3737 1493 3787 suos

376 3836 418 3884 ex
434 3822 511 3907 voto
528 3834 565 3883 ss
581 3821 699 3900 optans
724 3819 810 3884 tradi
826 3823 1048 3891 ecclesiastice
1073 3824 1259 3908 sepulture,
1286 3825 1320 3893 in
1336 3847 1401 3911 quo
1426 3829 1493 3894 eius

376 3931 529 4010 parentes
546 3931 579 3990 et
595 3929 836 4014 consanguinei
863 3930 1089 4014 requiescunt,
1117 3931 1264 3998 ciusdem
1284 3934 1493 4005 Posoniensis

377 4031 525 4100 Ecclesia
541 4032 583 4098 ob
599 4034 823 4102 reuerenciam
840 4039 1037 4122 specialem,
1065 4044 1098 4104 et
1112 4039 1281 4126 amplioris
1307 4041 1493 4112 devocionis

378 4139 413 4207 in
429 4138 554 4222 signum
568 4181 583 4225 ,›
594 4158 820 4228 assumpmens
846 4145 1027 4212 liberaliter
1043 4153 1083 4211 et
1094 4147 1253 4233 libenter,
1270 4151 1299 4216 si
1314 4151 1423 4238 ipsum
1441 4156 1492 4223 Jo-

378 4247 521 4313 hannem
534 4247 575 4314 de
592 4249 707 4315 eodem
720 4251 908 4319 discrimine
919 4273 1033 4320 sanum
1049 4261 1082 4320 et
1092 4254 1290 4325 incolumem
1307 4259 1416 4328 redire
1425 4283 1493 4331 con-

286 4383 287 4386 ¹
379 4353 493 4434 tingat,
512 4374 584 4421 eum
601 4356 671 4423 (ioli
687 4358 826 4426 Domino
844 4361 1021 4428 reducente
1035 4366 1198 4449 ,populos
1214 4373 1248 4434 et
1264 4368 1393 4438 incolas
1411 4370 1494 4442 dicte

379 4467 465 4525 terre
481 4458 657 4546 dispersos,
682 4483 780 4550 super
795 4467 912 4534 faciem
929 4465 1073 4536 eiusdem
1090 4474 1176 4538 terre
1193 4472 1237 4538 ad
1253 4477 1389 4570 propria
1406 4499 1493 4548 reno-

325 4629 328 4636 .
379 4565 513 4653 candos,
540 4573 573 4632 et
587 4586 689 4650 usque
707 4569 749 4634 ad
765 4573 830 4637 vite
847 4593 906 4638 sue
920 4580 1071 4658 tempora
1085 4583 1306 4648 tantummodo
1327 4589 1492 4670 possiden·

380 4674 461 4761 dos,
483 4683 709 4759 postmortem
727 4683 836 4746 autem
854 4701 948 4750 suam
964 4675 1072 4752 cidem
1087 4686 1236 4756 Ecclesia
1252 4689 1369 4762 Sancti
1385 4697 1493 4766 Sclua-
