3188 5238
604 1007 661 1073 65.

81 1201 266 1290 Apozaonyi
280 1204 433 1290 ltdptaloo
449 1203 718 1291 biaonysoipleocle,
743 1203 821 1290 bucy
845 1205 920 1268 Zota‘
938 1204 1007 1270 ota
1023 1207 1054 1270 ts
1071 1204 1191 1288 simet,

80 1309 187 1375 timet
211 1313 349 1375 testodret
375 1310 496 1374 Eodrc't
521 1312 639 1392 Jonas,
666 1311 809 1375 Beocdelr
828 1314 978 1398 pozroopi
1002 1313 1192 1399 odrjobbdpy

243 1420 385 1505 azolpcijo
400 1418 539 1504 meydlto,
556 1418 676 1484 czelclocl
693 1419 904 1505 apyealoedtclo.
926 1421 1021 1484 1294.

464 1637 500 1704 A.
610 1639 645 1704 Β.
756 1636 793 1703 (l.

175 1839 246 1904 Nos
264 1834 451 1921 Capitulum
479 1833 627 1903 Ecclesie
646 1834 858 1902 Posonicnsis
884 1831 1107 1917 significamus
1123 1834 1191 1898 uni-

77 1945 187 2029 uersis,
204 1945 322 2027 quibus
341 1945 475 2029 expedit
495 1951 554 2028 per'
571 1949 751 2028 presentes,
773 1943 860 2026 quod
876 1945 1062 2010 constitutis
1079 1961 1190 2026 perso·

76 2053 189 2118 naliter
206 2073 318 2118 coram
335 2052 431 2118 nobis
446 2050 520 2118 Oka
536 2050 603 2118 tilio
621 2050 715 2117 Baad
734 2048 774 2112 de
792 2050 853 2114 Zor
870 2069 930 2134 pro
947 2069 984 2116 se
1003 2056 1035 2114 et
1052 2069 1109 2134 pro
1127 2048 1190 2113 fra-

76 2168 120 2226 tre
134 2181 192 2226 suo
210 2162 355 2247 Symone
372 2180 413 2226 cx
429 2180 496 2225 una
512 2168 615 2244 parte,
635 2159 733 2225 Petro
750 2159 817 2226 filio
829 2158 998 2225 Benedicti
1015 2160 1056 2226 dc
1074 2159 1191 2226 eadem

79 2269 146 2352 Zor,
159 2269 344 2354 jobagionc
371 2270 469 2336 castri
488 2268 701 2335 Posouiensis
712 2318 721 2354 ,
749 2289 821 2336 cum
840 2288 937 2334 seruo
963 2287 1022 2333 suo
1038 2269 1191 2336 Jobanne

75 2375 269 2443 hereditario
287 2375 330 2440 ab
348 2378 473 2458 altera,
491 2376 576 2442 idem
594 2373 669 2444 Oka
685 2381 737 2442 est
754 2377 938 2456 confessus,
956 2373 1131 2458 quodcum
1149 2393 1190 2440 ex

77 2485 228 2553 suasione
246 2485 415 2550 diabolica
432 2483 603 2552 Johannes
620 2503 736 2551 seruus
752 2485 972 2552 hereditarius
988 2485 1077 2551 Petri
1095 2503 1190 2568 supe·

77 2594 137 2659 rius
154 2593 334 2674 memorati,
363 2595 528 2659 Andream
551 2594 683 2662 fratrem
703 2593 777 2660 Oka
803 2594 984 2677 supradicti
1011 2592 1191 2660 casualiter

80 2701 269 2786 occidisset,
295 2702 428 2768 tandem
446 2711 512 2766 tam
531 2708 663 2789 propter
680 2702 796 2784 Deum,
821 2724 916 2785 quam
935 2703 1040 2769 eciam
1057 2707 1192 2786 propter

76 2809 191 2875 lineam
209 2809 519 2897 consanguinitatis,
539 2809 758 2877 mediantibus
775 2810 888 2895 probis
905 2810 983 2876 viris
1000 2810 1084 2874 inter
1099 2810 1191 2895 ipsos

77 2918 221 2984 habitam
239 2915 325 3006 (igy)
342 2920 376 2984 in
391 2919 577 3001 quindecim
595 2920 708 3005 pensis
726 2917 932 2985 denariorum
955 2917 1187 2998 Wienensium‚

77 3033 184 3111 partes
202 3026 522 3092 debonavoiuntate
534 3005 800 3110 concordassent,
812 3046 907 3108 quam
925 3045 1085 3091 summam
1096 3044 1191 3109 pecu-

79 3137 127 3200 nie
143 3135 294 3220 prefatus
312 3131 397 3221 Oka,
415 3136 456 3201 ab
473 3135 598 3202 eisdem
615 3135 710 3203 Petro
728 3142 759 3202 et
776 3153 872 3201 seruo
891 3156 951 3202 suo
968 3134 1121 3202 Johanne
1138 3155 1189 3202 su·

76 3242 322 3325 prenominato,
341 3265 377 3310 se
399 3243 546 3328 plenarie
563 3243 731 3328 recepisse
748 3265 858 3310 coram
880 3244 976 3312 uobis
993 3251 1045 3310 est
1062 3243 1190 3310 confes-

76 3369 137 3418 sus.
156 3351 327 3437 Obligauit
343 3354 450 3419 ceiam
468 3373 504 3418 se
522 3353 605 3420 idem
617 3351 693 3420 Oka
710 3358 1005 3439 supranominatus,
1021 3355 1112 3436 puod
1124 3355 1190 3436 qui-

76 3481 197 3543 cunque
213 3481 369 3548 processu
396 3469 579 3545 temporum
598 3482 694 3545 super
718 3473 825 3529 morte
842 3461 953 3529 fratris
979 3465 1028 3528 sui
1046 3463 1188 3543 Andree,

78 3572 204 3637 eosdem
223 3571 352 3635 Petrum
370 3580 403 3636 et
418 3590 547 3636 seruum
568 3590 660 3637 suum
678 3571 862 3638 Johanncm
881 3569 1027 3654 inpetere
1052 3571 1189 3637 forsitan

78 3684 294 3763 attemptaret,
313 3676 385 3762 ipse
403 3679 478 3746 Oka
495 3679 527 3743 et
542 3679 644 3744 irater
662 3699 738 3748 suus
756 3683 879 3766 Symou
908 3680 1104 3746 tenebuntur
1121 3698 1191 3743 eos·

74 3785 141 3851 dem
167 3787 302 3852 Petrum
329 3787 563 3854 etJohannem
590 3806 718 3852 seruum
747 3807 838 3854 suum
864 3788 1022 3874 expedire
1049 3787 1191 3872 proprijs

74 3893 237 3962 laboribus
256 3900 290 3960 et
307 3895 469 3980 expensis.
498 3895 531 3958 ln
552 3896 643 3962 ouius
659 3897 706 3961 rei
728 3895 918 3965 memoriam
944 3901 1120 3983 presentes
1138 3891 1192 3958 de-

75 4003 178 4070 dimus
195 4006 327 4070 litteras
339 4002 440 4085 sigilli
459 4009 559 4069 nostri
573 4002 747 4068 munimine
760 4006 944 4070 roboratas.
962 4005 1083 4070 Datum
1101 4022 1190 4068 anno

76 4110 202 4177 Domini
220 4111 262 4175 Μ.
280 4109 342 4180 OO.
359 4111 573 4196 nonagesimo
592 4117 717 4193 quarto.

74 4305 206 4379 (Hartya.
229 4303 402 4377 Vorbnfeje'r
414 4281 552 4379 asineg¹en
571 4304 642 4378 fiigg
663 4321 680 4361 a
700 4302 765 4378 meg
778 4304 813 4376 dp
826 4303 936 4376 peccet.
956 4302 1191 4376 Pozsonykdpta·

150 4397 210 4454 lani
225 4395 364 4470 orsnagos
380 4395 512 4454 levdltdr.
527 4394 623 4468 Capsa
637 4395 712 4452 XIV.
725 4395 808 4451 Fasc.
824 4396 865 4451 19.
879 4393 946 4452 Νι·ο.
962 4395 984 4450 l.
1003 4393 1118 4468 Kaous.)

497 4693 750 4705 -.-·.--—-—-·-—‹.
