3166 5238
629 1029 703 1094 ¹25.

102 1225 198 1294 VIII.
224 1228 381 1314 Borrr'fclca
399 1232 490 1314 po‘po
511 1251 531 1290 a
556 1251 597 1296 sa.
616 1228 899 1293 Forata-randum
924 1227 1099 1292 saluooaior'
1124 1234 1219 1290 torto-

95 1335 395 1422 rndnyfd'rrdlce'nelr,
421 1339 499 1424 lropy
515 1339 567 1400 lter
582 1349 739 1403 sacractect
754 1337 887 1424 kr'tldjo'n
902 1333 1220 1422 ditiaqar'silorolcuorlr

302 1447 548 1534 Mcpyurorszriq
565 1445 628 1512 alell
648 1445 908 1533 tortorrtdnporr‘bu.
926 1447 1023 1509 1298.

210 1663 400 1729 Bonifacius
417 1663 599 1748 Episcopus
625 1684 740 1730 seruus
759 1683 924 1731 seruorum
939 1659 1003 1728 Dei
1020 1661 1140 1729 dilecto
1156 1659 1221 1726 filio

98 1821 106 1836 .
126 1818 135 1836 .
154 1821 161 1834 .
180 1773 329 1838 Ministro
346 1772 544 1838 Provinciali
571 1773 703 1840 Ordinis
723 1773 857 1838 fratrum
884 1773 1041 1838 Minorum
1068 1770 1102 1835 in
1119 1768 1221 1834 admi·
1290 1837 1292 1842 ,

97 1881 298 1947 nistratione
323 1879 491 1963 provincie
509 1881 694 1964 Sclavenie,
722 1884 860 1948 salutem
878 1888 909 1944 et
926 1877 1152 1964 Apostolicam
1168 1878 1223 1944 be-

97 1989 334 2057 nedictionem.
360 1988 458 2055 Licet·
478 2008 519 2054 ex
547 1991 695 2058 omnibus
721 1991 833 2059 mundi
858 1990 1026 2076 partibus,
1053 2005 1116 2071 que
1133 1985 1223 2052 chri-

98 2099 214 2166 stiana
229 2097 388 2180 religione
415 2105 597 2186 censentur,
623 2107 793 2167 teneamur
819 2119 860 2166 ex
878 2097 977 2164 oflicii
993 2096 1105 2163 debito
1123 2093 1221 2160 extir-

97 2226 184 2293 pare
202 2205 363 2274 letiferam
380 2213 507 2292 pestem
523 2207 668 2275 heretice
687 2207 873 2293 prauitatis,
890 2207 924 2274 in
944 2206 1094 2290 partibus
1111 2210 1222 2269 tamen

100 2315 237 2397 Servie,
264 2317 363 2384 Rasie
373 2365 382 2399 ,
409 2315 587 2400 Dalmatis,
606 2315 767 2400 oneratis,
786 2320 894 2384 Bosne
911 2322 1011 2398 atque
1027 2313 1132 2394 Istrie,
1149 2331 1223 2398 pro·

99 2423 208 2490 vincio
225 2425 417 2508 Solanonie,
444 2425 591 2492 imminet
616 2423 711 2492 nobis
736 2422 797 2490 heo
814 2423 1002 2490 sollicitudo
1019 2421 1223 2508 propensius,

101 2534 158 2599 ubi
176 2533 314 2600 eandem
329 2543 454 2618 pestem
481 2540 613 2618 propter
630 2534 791 2601 malitiam
810 2533 977 2618 temporis,
995 2531 1106 2616 quein
1123 2530 1222 2596 detri-

99 2649 246 2710 mentum
271 2641 347 2710 fidei
374 2642 543 2709 Catholice
569 2663 729 2727 perversa
754 2643 922 2729 genimina
947 2640 1154 2728 germinavit,
1183 2659 1223 2704 ex

101 2750 272 2818 evidentia
298 2756 408 2838 operis
434 2759 466 2818 el
491 2752 579 2820 fame
603 2755 725 2821 noticia
751 2752 973 2838 persensimus
1000 2750 1222 2817 abundantius

102 2859 319 2928 succrevisse.
338 2861 514 2947 Cupientes
531 2863 631 2946 igitur
648 2863 681 2927 in
698 2861 794 2928 dictis
812 2861 973 2948 partibus,
990 2859 1072 2925 etin
1088 2859 1223 2924 Archio-

102 2971 335 3054 pisoopatibus
352 2970 544 3050 Duracensi‚
560 2971 780 3049 Antibarcnsi,
793 2970 973 3057 Ragusino‚
985 2967 1175 3055 Spalatensi
1192 2973 1224 3032 et

101 3079 279 3158 Jadrensi,
297 3087 329 3145 et
345 3079 541 3146 Dioeesibus
557 3080 636 3166 suis,
654 3100 712 3166 per
729 3081 855 3163 aliquos
875 3079 917 3145 de
934 3077 1088 3144 fratribus
1104 3077 1153 3142 tui
1169 3097 1223 3142 or-

102 3188 192 3253 dinis
209 3195 336 3270 partem
353 3207 452 3273 super
461 3189 525 3254 hoc
536 3195 645 3254 nostre
655 3187 883 3256 sollicitudinis
900 3187 1084 3270 adimpleri,
1105 3185 1225 3253 discre-

102 3299 188 3362 tioni
206 3303 259 3360 tue
275 3317 333 3380 per
350 3297 543 3382 Apostolica
562 3296 685 3382 scripta
711 3298 845 3364 firmiter
860 3295 1072 3383 precipiendo
1090 3293 1224 3361 manda·

102 3425 190 3478 mus,
209 3412 367 3487 quatenus
385 3403 425 3470 de
442 3403 579 3471 consilio
606 3403 787 3487 aliquorum
812 3405 947 3472 fratrum
971 3406 1076 3492 ipsius
1101 3403 1224 3472 ordinis

104 3513 213 3598 eligas
242 3511 323 3576 duos
350 3511 391 3577 de
417 3511 573 3578 fratribus
589 3513 693 3597 ipsius
719 3511 841 3578 ordinis
858 3518 912 3579 tue
929 3511 1226 3581 administrationis

104 3620 241 3684 idoneos
258 3620 302 3684 ad
321 3620 508 3687 huiusmodi
533 3640 615 3703 opus
632 3621 828 3688 dominicum
844 3622 1094 3708 exequendum,
1113 3621 1225 3704 eisquc

104 3730 140 3794 in
158 3728 279 3805 virtute
304 3728 492 3795 obedientie
519 3728 665 3796 districtc
690 3730 884 3816 Apostolica
900 3732 1070 3818 precipere
1087 3733 1224 3799 auotori-

104 3842 175 3902 tate
191 3855 356 3920 procures,
369 3843 404 3904 ut
420 3838 624 3919 inquisitoris
638 3837 777 3905 officium
789 3839 822 3906 in
838 3840 920 3906 locis
937 3839 1095 3925 predictis
1112 3846 1226 3907 contra

104 3943 289 4027 heredium,
307 3945 487 4029 credentes,
506 3947 660 4029 fautores,
673 3947 864 4016 defensores
883 3955 914 4013 et
931 3955 1154 4034 receptatores
1172 3967 1224 4014 eo-

105 4073 196 4140 rum,
223 4053 317 4154 iuxta
340 4053 478 4122 formam
503 4057 536 4121 in
562 4055 639 4121 aliis
656 4056 856 4141 Apostoliois
881 4057 997 4124 litteris
1023 4075 1223 4141 expressam,

106 4183 170 4249 que
186 4162 341 4232 fratribus
367 4165 505 4247 predicti
531 4164 655 4233 ordinis
681 4167 926 4251 inquisitoribus
943 4166 1133 4233 huiusmodi
1151 4185 1223 4252 pra·

104 4271 220 4340 vitatis
238 4272 271 4338 in
288 4271 411 4340 eisdem
427 4272 509 4340 loeis
526 4273 693 4360 deputatis
710 4274 905 4342 auctoritate
921 4275 1113 4359 Apostolica
1129 4281 1162 4340 et
1177 4275 1224 4339 in-

105 4387 275 4466 posterum
286 4380 491 4471 deputandis,
509 4404 574 4452 non
591 4382 756 4469 expressis
767 4384 950 4466 aliquorum
966 4383 1163 4466 nominibus,
1174 4404 1224 4453 su·

106 4510 165 4576 per
183 4493 372 4574 exequendo
398 4492 483 4558 dioto
509 4488 717 4576 Inquisitoris
743 4491 847 4562 officio
864 4495 1087 4577 destinantur,
1108 4497 1225 4577 exequi

108 4597 263 4668 studeant
289 4599 471 4685 diligenter.
497 4603 567 4668 Nos
594 4603 679 4670 enim
699 4603 863 4688 predictos
890 4603 973 4670 duos
989 4602 1106 4671 fratres
1118 4653 1127 4688 ,
1145 4621 1224 4684 quos

108 4707 150 4775 ed
165 4709 228 4779 hoe
244 4710 395 4796 elegeris,
407 4718 441 4781 et
455 4716 625 4800 utrumque
640 4713 796 4803 ipsorum,
817 4712 978 4804 prefatum
993 4711 1133 4782 officium
1150 4731 1223 4780 exe-
