3196 5232
641 325 791 434 nu..

56 556 58 559 ·
148 523 237 592 Petri
254 531 287 592 et
303 525 439 592 Lutario
456 525 524 592 filio
545 526 693 595 eiusdem
707 525 833 596 moue
848 527 891 596 ab
909 528 1035 610 altera3
1061 529 1176 595 eedem
1193 547 1267 612 par-

148 643 200 701 tes
217 653 238 699 a
254 634 351 699 nobis
366 635 564 701 unanimiter
579 643 753 720 petentes,
773 642 808 701 ut
824 636 941 702 seriem
958 635 1137 704 litterarum
1152 643 1267 721 paten-

147 742 236 808 eium
252 743 386 809 Abrnhe
407 742 486 808 dieti
501 741 588 809 Ruffi
615 743 756 811 Ouuiatis
773 743 911 812 (innuitis
931 743 1139 810 Posoniensis
1149 793 1159 830 ‚
1185 763 1267 826 quas

145 851 245 918 nobis
263 850 489 934 exhibuerunt,
514 853 635 918 nostris
656 850 1049 935 litteris-priuilegislibus
1067 851 1164 918 inseri
1179 851 1266 920 faee-
1329 897 1331 902 .

145 977 271 1026 remus.
288 958 431 1037 Quarum
448 965 541 1024 tenor
556 959 635 1026 talis
651 965 702 1026 est
718 982 725 1022 :

256 1066 326 1136 Nos
343 1066 509 1134 Abraham
533 1068 636 1136 Rufus
653 1066 795 1137 Ourinlis
813 1067 860 1136 00
869 1087 940 1134 mes
965 1067 1176 1136 Posoniensis
1202 1066 1266 1136 stb.
1303 1086 1304 1090 ¹

145 1174 232 1243 (mint
243 1171 333 1231 eltbb
347 1174 391 1229 91.
409 1192 448 1228 su.
461 1173 502 1235 a.)

253 1269 323 1334 Nos
339 1285 416 1334 uero
432 1266 526 1332 iustis
542 1275 599 1350 pet
621 1249 783 1334 ieiedibns
799 1266 942 1349 ipsorum
957 1271 1149 1351 annuentes,
1167 1271 1203 1330 ut
1211 1284 1270 1349 pre

143 1394 225 1442 sens
243 1372 412 1441 ordinatio
428 1380 462 1438 et
478 1373 677 1457 eomposieio
702 1373 807 1459 magis
824 1380 899 1441 rata
915 1373 959 1440 sit
976 1379 1008 1440 et
1023 1371 1134 1458 firma,
1150 1372 1267 1440 seriem

142 1483 254 1549 tocius
265 1479 346 1547 faeti
362 1481 483 1548 nostris
495 1481 610 1549 litteris
627 1481 892 1568 priuilegialibus
905 1484 947 1550 de
963 1482 1062 1549 uerbo
1078 1481 1123 1548 sd
1132 1482 1266 1548 uerbum

141 1589 251 1660 inseri
269 1589 405 1655 fecimus
422 1587 606 1675 diligenter,
622 1597 718 1677 prout
729 1591 762 1655 in
781 1589 906 1658 litteris
924 1589 1027 1676 ipsius
1037 1589 1168 1656 Abrahe
1187 1588 1268 1656 dieti

142 1697 233 1766 Ruffi
251 1698 394 1766 Cerialis
409 1697 544 1765 Comitis
558 1697 769 1768 Posoniensis
780 1698 921 1766 vidimus
936 1699 1103 1767 contineri.
1120 1701 1158 1766 In
1175 1698 1266 1765 euius

142 1811 194 1875 rei
212 1805 406 1873 memoriam
425 1813 595 1890 presentes
611 1807 760 1874 dedimus
777 1808 905 1874 litteras
922 1807 1023 1890 sigilli
1042 1806 1146 1872 nostri
1162 1805 1263 1872 muni·

138 1917 233 1984 mine
248 1915 430 1982 roboratas.
457 1909 577 1984 Datum
602 1916 753 1999 proxima
769 1914 914 1984 secunda
939 1915 1021 1984 seria
1037 1922 1113 1982 ante
1141 1915 1261 1982 testum

138 2024 242 2091 Beati
257 2024 431 2109 Laureneij
458 2024 622 2108 martiris,
651 2046 737 2092 anno
752 2023 887 2093 Domini
917 2023 1090 2092 millesime
1116 2024 1267 2092 dueente-

140 2133 229 2198 simo
245 2131 459 2216 nonagesimo
480 2137 600 2215 quinto.

545 2312 584 2377 A.
692 2311 729 2376 Β.
837 2311 873 2378 Ο.

139 2506 283 2579 (Hdrtya.
303 2505 461 2564 Vdrdssdld
475 2505 603 2578 selymen
615 2505 688 2580 fligg
702 2525 719 2563 s
733 2504 796 2580 mdg
809 2503 845 2578 ep
859 2506 966 2578 peesdt.
981 2506 1265 2581 Pozsonykdptslsni

267 2593 402 2670 orszdgos
414 2594 539 2654 leuditdr
551 2595 647 2668 Capsa
656 2595 733 2652 XIV.
748 2597 830 2652 Faue.
843 2598 870 2650 2.
884 2595 952 2654 Nro.
968 2599 1012 2653 23.
1030 2597 1142 2670 tinans.)

578 2895 841 2908 ...ιιι-ι-αι--υ-
