3188 5238
1587 997 1589 1146 l

352 1208 444 1299 Vtttp
453 1213 583 1300 Mitte,
606 1213 698 1302 ttttp
709 1211 843 1300 Mttcly,
861 1213 966 1278 Bcrltlr
976 1211 1023 1300 (i)
1040 1216 1071 1278 ts
1085 1213 1192 1280 Jotct
1207 1213 1325 1278 abaco
1339 1206 1463 1278 lerum
1587 1147 1589 1260 ἱ

419 1321 491 1388 Vult
497 1321 675 1409 jdszctpcult
683 1320 803 1408 feldrdl
818 1343 839 1385 o
848 1323 1002 1409 porsonyc'
1025 1320 1178 1408 lodptclcc
1194 1319 1275 1388 oltra
1293 1320 1393 1386 1292.
1588 1329 1589 1338 ³

453 1515 620 1587 uniuersis
636 1517 755 1587 urrisu·
773 1518 922 1589 susurrus
938 1521 1247 1606 praeuenturus
1264 1519 1463 1605 inspecturis

344 1627 529 1714 Capitulum
545 1629 694 1698 Ecclesia
718 1631 928 1700 Puscniensis
954 1635 1093 1700 salutem
1109 1632 1143 1698 in
1160 1632 1308 1700 Domino.
1324 1630 1378 1696 Ad
1392 1629 1462 1696 uni·
1589 1657 1590 1696 u

343 1757 511 1806 uersorum
537 1738 692 1804 noticiam
725 1745 837 1808 tenore
862 1741 1067 1824 presencium
1097 1741 1247 1808 uolumus
1272 1739 1456 1824 peruenire,

342 1845 428 1928 quod
443 1845 582 1911 Nicolao
598 1841 663 1914 filio
680 1844 813 1913 Iwanch
829 1847 872 1914 de
887 1847 989 1936 Wyllr
1005 1849 1049 1916 ab
1064 1867 1130 1916 nna
1146 1853 1259 1934 parte,
1285 1845 1460 1921 blichaele,
1589 1827 1591 1838 '

342 1953 466 2039 Bechk,
483 1959 517 2021 et
530 1955 667 2037 Jacobo,
684 1953 762 2040 hlijs
779 1953 931 2042 Gregorij
948 1957 991 2023 ab
1007 1955 1122 2041 altera,
1140 1955 1331 2025 constitutis
1347 1973 1461 2042 perso·

341 2059 460 2128 naliter
476 2079 586 2127 coram
601 2058 696 2127 nobis
705 2110 715 2146 ,
731 2059 817 2128 idem
832 2061 991 2132 Nicolaus
1010 2070 1061 2129 est
1078 2063 1267 2142 confessus,
1284 2060 1371 2147 quod
1387 2081 1460 2129 cum

343 2170 419 2243 olim
436 2172 600 2257 predictus
626 2169 806 2254 Gregorius
831 2179 926 2259 pater
942 2171 1046 2258 ipsius
1070 2173 1240 2242 Michaelis
1264 2178 1297 2239 et
1321 2171 1459 2237 fratrum
1591 2221 1592 2234 2

342 2299 481 2363 suorum,
499 2279 617 2349 relicta
631 2277 813 2348 hereditate
823 2299 884 2347 sua
901 2280 973 2350 sine
988 2281 1126 2350 alicuius
1136 2281 1269 2351 honeris
1286 2275 1374 2367 (lgy)
1388 2299 1459 2365 gra·
1591 2315 1592 2372 3

340 2391 471 2457 namins
488 2389 529 2456 ob
546 2387 707 2473 quosdam
732 2389 943 2457 necessitatis
961 2409 1020 2458 sne
1045 2390 1202 2458 articulos
1218 2389 1338 2458 abhinc
1355 2389 1459 2456 disoe-

340 2497 423 2566 dens
439 2497 557 2564 fnisset
572 2495 721 2583 pluribus
738 2497 834 2565 aunis
850 2497 981 2584 absens,
999 2505 1031 2566 ct
1056 2500 1265 2585 postmodum
1291 2498 1350 2585 filij
1362 2471 1457 2565 ⁴eius·

344 2606 418 2674 dem
436 2605 601 2692 Gregorij,
617 2605 770 2674 uidelicet
785 2607 928 2676 Michael
944 2614 977 2674 et
991 2607 1111 2676 fratres
1129 2607 1177 2675 sni
1189 2606 1348 2673 antedicti
1364 2625 1457 2691 repa·
1592 2628 1593 2706 {

342 2715 479 2785 triantes
496 2711 711 2781 hereditatem
727 2721 897 2799 paternam
913 2715 1004 2802 ipsos
1021 2717 1264 2799 contingentem
1280 2715 1322 2780 ab
1339 2715 1456 2782 eodem
1592 2713 1593 2720 ’

342 2822 480 2890 Nicolao
505 2825 655 2908 repetere
679 2828 951 2910 attemptassent,
986 2823 1070 2891 idem
1095 2824 1260 2904 Nicotaus,
1278 2829 1455 2903 antequam

341 2933 577 3017 egrederentur
602 2932 772 2999 materiam
796 2932 998 3017 questionis,
1032 2951 1273 3018 recognoscens
1299 2950 1356 2998 cos
1382 2950 1456 2998 esse

341 3039 425 3109 filios
435 3039 574 3128 predicti
584 3039 746 3126 Gregorij,
762 3040 819 3124 qui
835 3040 966 3123 quidem
977 3039 1155 3127 Gregorius
1168 3039 1313 3107 etdietus
1325 3039 1456 3106 Iwanch

341 3157 437 3237 pater
462 3149 564 3235 ipsius
580 3149 709 3218 Nicolai
725 3148 767 3215 ah
791 3170 855 3218 uno
881 3171 944 3218 auo
960 3158 1036 3220 sunt
1061 3151 1186 3232 exorti,
1213 3157 1246 3218 et
1262 3168 1320 3236 per
1345 3166 1457 3216 conse-

342 3278 444 3342 quens
460 3259 493 3324 in
510 3259 714 3326 dimidietate
730 3264 816 3326 terre
831 3259 976 3345 ipsorum
992 3260 1093 3347 Wylk
1108 3266 1225 3327 uocate
1241 3257 1383 3325 eundem
1398 3257 1454 3324 bli-

341 3367 488 3436 chaelem
505 3374 538 3436 et
554 3367 671 3434 fratres
689 3386 763 3433 suos
780 3368 913 3453 plenum
929 3368 979 3438 ius
996 3369 1140 3452 habere,
1157 3367 1198 3434 ob
1214 3367 1278 3435 hoo
1294 3365 1381 3434 idem
1396 3366 1455 3434 Ni·

344 3475 455 3544 colaus
471 3476 507 3542 in
521 3475 626 3542 nostri
642 3475 814 3560 presencia
839 3476 1077 3544 dimidietatem
1093 3475 1237 3543 eiusdem
1253 3484 1337 3541 terre
1353 3474 1455 3560 Wylk

341 3604 413 3650 cum
429 3582 576 3649 omnibus
588 3583 786 3651 utilitatibus
805 3584 1060 3672 etpertinencijs
1071 3583 1140 3650 suis
1152 3584 1277 3651 eudem
1287 3582 1453 3669 Michaeli,

339 3693 452 3761 Beohk
468 3696 502 3757 et
518 3691 644 3759 Jacobo
661 3692 861 3777 supradietis
877 3695 1019 3761 restituit
1035 3700 1067 3762 et
1076 3693 1222 3761 reddidit
1236 3711 1316 3778 pure
1332 3697 1364 3758 et
1380 3691 1453 3756 sim·

341 3801 468 3888 pliciter
493 3799 710 3887 resignando,
738 3807 771 3868 et
785 3801 865 3885 quia
881 3801 968 3869 idem
983 3801 1140 3869 Nicolaus
1166 3799 1383 3868 hereditatem
1400 3819 1453 3867 eo·

339 3909 486 3979 rumdem
502 3908 572 3976 sine
588 3907 701 3994 iudicij
719 3909 870 3976 examine
885 3909 1021 3996 pacifice
1037 3910 1227 3996 resignarit,
1244 3909 1349 3977 obhoc
1366 3907 1452 3974 utili·

339 4024 426 4087 tates
442 4025 476 4086 et
491 4016 613 4084 fructus
637 4024 770 4105 propter
794 4016 983 4086 absentiam
1007 4013 1111 4102 ipsius
1135 4017 1307 4086 Michaelis
1334 4024 1367 4084 et
1390 4016 1454 4085 fra·

340 4135 424 4198 trum
440 4148 569 4196 suorum
584 4148 689 4214 usque
703 4148 788 4196 nunc
805 4135 988 4217 perceptos,
1002 4131 1103 4216 ydem
1118 4130 1260 4197 Michael
1284 4135 1316 4196 et
1331 4127 1451 4197 fratres

341 4239 400 4320 sui,
424 4237 526 4306 eidem
543 4236 683 4307 Nicolao
708 4258 789 4324 pure
805 4242 1001 4308 relaxarunt.
1018 4238 1148 4308 Adiecit
1173 4239 1277 4308 eciam
1295 4235 1453 4307 Nicolaus

339 4345 548 4431 sepedictus,
573 4347 661 4432 quod
677 4347 905 4432 possessiones
921 4348 1075 4433 ipsorum,
1091 4365 1173 4432 quas
1188 4345 1379 4414 detentores
1394 4345 1454 4414 sub

339 4455 435 4521 titulo
452 4455 751 4542 inpignoracionis,
768 4459 821 4526 uel
836 4457 964 4526 nomino
979 4456 1118 4525 indebiti
1134 4461 1316 4541 ocuparuut
1331 4456 1454 4540 pariter

339 4573 372 4634 et
388 4564 550 4630 communi
567 4583 712 4651 expensa
728 4566 894 4649 requirere
910 4567 963 4633 uel
979 4566 1142 4635 redimere
1159 4565 1303 4649 debent,
1320 4569 1354 4630 et
1370 4584 1453 4648 quas

336 4672 531 4751 redemerint
547 4675 600 4742 uel
616 4673 815 4760 optinuerint
839 4695 938 4746 unam
953 4673 1187 4750 dimidietatem
1211 4675 1384 4766 redempte
1401 4673 1454 4742 uel
