3262 5242
97 1219 118 1282 I
121 1219 153 1284 V.
160 1217 280 1285 Miletos
284 1216 907 1306 φάρηΒαάοῑῇνόπιαὶ-πέφηοιῐείνάῖμπαῖο,
914 1216 1027 1282 hirtulei
1035 1227 1085 1281 ort
1093 1225 1211 1303 decute,

97 1323 174 1413 lopy
189 1327 471 1414 Maqyaroroquot
478 1327 604 1412 fidicula,
622 1323 730 1392 Altero
745 1326 901 1392 auoztodoi
922 1324 1105 1411 berczepoek
1120 1324 1211 1390 lodbe-

95 1435 145 1500 cdl
160 1437 398 1522 udomdnyozta,
414 1435 596 1523 odlaozolja‚
607 1436 685 1524 bopy
701 1437 804 1502 Jonos
811 1436 903 1522 jooic‘
932 1430 1084 1518 (aeunni)
1096 1441 1210 1520 propo-

19 1550 28 1563 '
153 1543 207 1610 ko't
223 1565 295 1607 ezec
312 1553 375 1630 dpy
391 1544 549 1610 eliciendo
563 1545 660 1630 otpolt
675 1541 876 1630 bozzdfogjo
892 1542 1033 1608 ledldeni.
1050 1542 1147 1608 1290.

202 1740 361 1809 Nicolauu
377 1741 562 1827 Episcopus
578 1761 691 1808 seruus
717 1760 884 1809 seruorum
910 1739 973 1806 Dei
992 1739 1162 1808 carissimo
1179 1737 1211 1802 in

99 1849 229 1920 Christo
245 1849 313 1916 filio
330 1850 368 1913 R.
386 1850 469 1934 Regi
485 1852 704 1918 Romanorum
729 1847 855 1916 Illustri
871 1849 1011 1916 sulutem
1028 1855 1060 1915 et
1074 1847 1213 1934 Aposto-

98 1959 193 2027 lieam
209 1959 481 2040 benedictionem.
498 1961 642 2028 Litteras
659 1960 782 2046 Regias
799 1966 908 2027 nostro
924 1978 1024 2041 nuper
1040 1955 1212 2044 Apostolu-

96 2067 141 2132 tui
156 2074 369 2154 presentatus
394 2068 600 2152 benignitate
615 2069 797 2154 recepimus
817 2073 975 2134 consuetu
991 2091 1000 2133 ε
1017 2085 1150 2149 quorum
1167 2087 1213 2133 ee·

98 2176 142 2241 rie
158 2175 333 2260 diligenter
352 2176 607 2264 perpendimus,
632 2175 719 2261 quod
735 2181 809 2262 pout
826 2175 949 2242 obitum
973 2173 1135 2259 quondam
1151 2174 1214 2241 Lu-

100 2283 195 2349 dislai
210 2284 311 2368 Regis
328 2282 482 2370 Ungarie,
499 2291 534 2350 tu
550 2279 638 2353 certa
649 2283 911 2353 consideratione
927 2283 1098 2367 inductus,
1115 2302 1211 2368 quam
1248 2307 1249 2310 ¹

101 2395 211 2458 eedem
227 2391 338 2458 littere
364 2391 613 2477 exprimebant,
640 2392 759 2460 dilecto
775 2391 841 2458 filio
866 2391 970 2458 nobili
995 2392 1065 2460 viro
1082 2393 1214 2460 Alberto

101 2497 182 2565 Duci
198 2500 343 2592 Annine,
368 2507 446 2567 nuto
465 2509 540 2584 tuo,
569 2508 601 2567 et
618 2503 687 2570 eius
703 2501 881 2568 heredibus
897 2499 937 2566 de
964 2501 1098 2568 oonsilio
1115 2507 1147 2568 et
1162 2521 1212 2569 as·
1328 2485 1333 2493 ¹

101 2626 198 2675 censu
213 2608 412 2696 Principum,
427 2611 610 2690 Beronum,
627 2611 786 2678 nobilium
803 2617 836 2676 et
850 2628 1020 2700 procerum
1037 2611 1142 2695 Regni
1158 2609 1214 2688 tui,

101 2713 133 2780 in
157 2715 290 2784 feudum
314 2717 462 2802 Regnum
490 2717 637 2806 Ungarie
665 2717 866 2786 concessisti.
892 2716 971 2784 Cum
988 2724 1092 2785 autem
1109 2717 1215 2802 prela·

103 2832 166 2890 tum
192 2827 341 2910 Regnum
367 2824 410 2891 ud
436 2827 616 2894 Romanam
643 2827 825 2894 Ecclesiam
854 2846 895 2892 ex
916 2846 1018 2893 cursu
1042 2825 1216 2911 multiplici

102 2934 263 3015 pertinere
277 2939 439 3016 noscatur,
452 2934 648 3002 celsitudini
659 2937 761 3020 Regio
778 2954 835 3021 per
850 2935 1072 3003 venerabilem
1082 2934 1215 3002 fratrem

104 3048 248 3109 nostrum
264 3042 445 3110 Johunnem
470 3043 605 3109 Rsinum
621 3043 820 3130 Episcopum
848 3062 946 3129 super
961 3042 1147 3110 huiusmodi
1161 3063 1216 3109 ne·

106 3153 191 3236 gotio
208 3150 455 3237 respondemus.
471 3152 593 3218 Datum
609 3152 696 3238 apud
706 3149 991 3220 Urbem-Veterem
1002 3154 1039 3220 V.
1050 3151 1214 3221 kalendas

104 3257 263 3346 dandami,
280 3255 493 3329 Pontificatus
510 3261 612 3329 nostri
629 3281 714 3328 anno
736 3259 843 3328 tertio.

106 3452 163 3523 dv.
184 3455 292 3511 Miklds
312 3451 390 3526 pdpa
402 3453 590 3529 Regestdibol
603 3455 728 3512 Theiner
740 3457 778 3512 id.
792 3475 828 3511 m.
841 3453 863 3510 I.
875 3455 935 3509 kot.
948 3451 1008 3510 370.
1021 3454 1040 3508 l.
1067 3451 1152 3526 Fejer
1174 3453 1215 3508 hi-

104 3544 193 3600 bdson
203 3546 380 3604 vdltoztatte
392 3565 456 3616 meg
470 3564 541 3603 enen
551 3547 677 3620 olumdny
687 3546 779 3603 keltdt
792 3545 861 3602 Ood.
871 3544 949 3616 Dipl.
958 3542 1006 3600 Vl.
1017 3545 1045 3599 k.
1055 3545 1077 3601 Ι.
1091 3564 1112 3600 r.
1123 3543 1168 3599 84.
1182 3541 1213 3614 l.)
1278 3578 1280 3585 ·
