3262 5242
383 1197 535 1264 Laenate
560 1149 740 1285 eeztcrpami
770 1199 856 1264 trsck
880 1198 949 1262 cett
974 1196 1107 1261 karchac‘
1138 1192 1239 1260 lalrcet
1262 1191 1364 1259 creati
1388 1215 1502 1260 names·
1604 1155 1606 1176 ζ

786 1309 872 1394 seqre
887 1305 970 1372 amal.
995 1307 1094 1370 1291.

487 1524 555 1590 Nos
580 1520 793 1590 Lodomerius
824 1521 1041 1590 miseracione
1068 1518 1191 1588 Divina
1224 1516 1501 1602 Archicpisccpus

381 1626 616 1710 strigoniensis
627 1678 636 1712 ,
662 1628 791 1712 locique
806 1630 954 1715 ejusdcm
971 1630 1090 1697 Comes
1109 1632 1310 1713 perpetuus,
1337 1621 1501 1708 significa·

380 1755 452 1804 mus
479 1737 640 1804 universis
667 1736 871 1821 presencium
900 1737 1051 1804 noticiam
1068 1734 1250 1818 habituris,
1275 1732 1363 1816 quod
1380 1752 1441 1800 nos
1456 1736 1501 1800 in·

380 1843 585 1925 terreniente
610 1843 804 1912 auctoritate
822 1849 855 1911 et
872 1863 1033 1912 consensu
1059 1843 1181 1910 domini
1200 1841 1300 1926 Regis
1316 1837 1500 1910 Johannem

379 1948 475 2018 filium
493 1950 654 2036 Mauricij,
672 1950 785 2018 Bodou
801 1951 903 2018 lilium
914 1949 1096 2033 Michaelis,
1107 1945 1377 2018 Jacobumfilium
1395 1947 1499 2032 Pauli,

378 2064 412 2124 et
427 2059 591 2126 alteruml
596 2077 734 2126 oannem
747 2057 789 2124 de
800 2058 945 2143 Karcha,
958 2079 1028 2126 cum
1041 2059 1191 2126 omnibus
1203 2057 1300 2128 terris
1318 2064 1353 2122 et
1368 2075 1499 2142 posses·

379 2166 523 2234 sionibus
539 2165 708 2252 universis,
727 2167 839 2234 habito
857 2167 995 2234 consilio
1012 2165 1151 2233 fratrum
1175 2171 1360 2232 nostrorum
1377 2165 1499 2248 capitu·

378 2273 494 2340 larium
512 2273 633 2341 Sancte
645 2275 877 2358 strigoniensis
888 2265 1046 2358 Ecclesia,
1055 2275 1090 2342 in
1105 2293 1273 2342 numerum
1285 2280 1318 2338 et
1328 2274 1498 2358 collegium

380 2381 537 2448 nobilium
557 2381 770 2467 jobagionum
788 2390 970 2450 nostrorum
989 2381 1328 2468 Archiepisccpalium
1344 2379 1497 2447 duximus

278 2477 288 2490 ’
380 2486 531 2556 duximus
543 2485 629 2575 (lgy)
640 2490 882 2576 aggregandos,
900 2491 1049 2559 volentes
1060 2496 1093 2554 et
1109 2489 1283 2556 autoritate
1293 2491 1497 2574 presencium

379 2595 604 2680 declarantes,
630 2609 665 2662 ut
681 2616 741 2662 uec
767 2615 921 2682 pensum,
947 2617 1010 2663 nec
1026 2598 1222 2680 terragium,
1248 2615 1310 2664 nec
1327 2599 1498 2664 collectam

380 2703 522 2792 Regiam
537 2705 591 2772 vel
606 2693 750 2788 aliquam
778 2705 990 2772 exaccionem
1009 2707 1075 2773 ullo
1091 2723 1234 2787 unquam
1258 2712 1407 2789 tempore
1432 2712 1498 2770 tam

373 2810 453 2894 ipsi,
471 2832 568 2894 quam
585 2829 695 2878 eorum
707 2813 830 2898 posteri
844 2813 938 2880 uobis
954 2813 1140 2884 relnostris
1157 2811 1406 2882 successoribus
1418 2812 1497 2882 darc

379 2925 411 2984 et
426 2920 553 2986 solvere
569 2924 750 3001 teneantur,
768 2920 828 2987 sed
843 2921 901 2986 illa
917 2920 1080 2988 libertatis
1090 2921 1302 3006 prerogativa
1317 2919 1495 3004 gaudeant,

378 3047 442 3110 qua
459 3027 517 3093 alii
528 3026 727 3112 jobagiones
754 3028 857 3094 nostri
873 3027 1181 3116 Archiepiscopales
1197 3029 1363 3112 gaudent,
1383 3033 1416 3094 et
1432 3027 1493 3094 fru-

377 3140 485 3200 untur.
508 3136 578 3202 Nec
593 3135 656 3201 hoc
672 3134 960 3218 pretermittimus,
986 3137 1074 3220 quod
1090 3135 1211 3230 nullius
1223 3135 1348 3222 judicis
1360 3136 1492 3220 judicio

377 3242 509 3315 adstare
524 3247 709 3326 teneantur,
726 3244 791 3312 nisi
806 3251 918 3313 nostro
928 3244 1075 3330 judicio,
1093 3247 1146 3311 vel
1163 3245 1307 3314 Palatini
1322 3245 1425 3312 curia
1441 3265 1495 3310 no·

378 3357 445 3417 stre
460 3371 518 3436 pro
535 3358 681 3436 tempore
698 3355 876 3420 constituti.
902 3354 940 3418 In
956 3353 1045 3418 cuius
1058 3353 1108 3418 rei
1122 3353 1312 3420 memoriam
1331 3361 1365 3418 et
1381 3373 1495 3440 perpe·

377 3465 468 3536 tuam
484 3457 671 3526 firmitatem
695 3468 868 3546 presentes
884 3461 956 3528 dari
972 3462 1109 3529 fecimus
1125 3462 1254 3530 litteras
1278 3461 1381 3546 sigilli
1396 3463 1497 3532 nostri

378 3567 554 3632 authentici
571 3567 746 3660 munimine
762 3570 944 3637 roboratas.
973 3571 1093 3636 Datum
1110 3571 1242 3637 Posonii
1258 3590 1345 3637 auno
1361 3572 1493 3638 Domini

377 3673 418 3738 M.
436 3673 498 3740 00.
516 3672 601 3740 XOI.
618 3675 651 3738 in
668 3672 753 3744 festo
769 3677 961 3746 Natiuitatis
978 3678 1082 3746 Beate
1098 3676 1243 3764 Virginis
1260 3678 1377 3746 Meris.

306 3861 309 3868 ¹
379 3878 481 3948 (Janos
494 3887 666 3961 esntergami
679 3885 820 3947 erseknek
834 3889 912 3948 1394.
926 3889 973 3948 ἐνὶ
985 3888 1148 3959 tenattbcl,
1162 3893 1238 3963 mely
1256 3889 1437 3966 Bacsfalvay
1449 3890 1495 3949 Ja-

678 3995 731 4033 nus
743 3975 836 4035 tirnak
847 3979 1006 4052 tulajdona.
1020 3982 1097 4053 Naqy
1107 3979 1192 4047 luca.)

803 4273 1027 4287 fi—-a-————-
1030 4275 1063 4288 —l
