3166 5238
362 1261 427 1330 ΙΙΙ.
441 1259 546 1326 Eeho
562 1253 668 1342 ttroty
684 1277 704 1318 α
714 1253 854 1320 Retbold
865 1253 1174 1342 deSarthyeuneeebe
1189 1254 1400 1342 eemaetsepek
1417 1264 1489 1342 tay·

556 1365 612 1452 joi
628 1362 697 1430 terr
713 1363 908 1429 birtobeseret
923 1363 1005 1450 hdpy
1021 1362 1155 1450 talybois.
1172 1365 1269 1430 1199.

464 1565 535 1632 Nos
559 1560 711 1630 Andreas
737 1560 800 1629 Dei
826 1560 939 1648 graoia
954 1562 1024 1627 Rex
1050 1561 1220 1644 Hungarie
1246 1559 1484 1644 significamus

360 1671 540 1750 uniuersis,
567 1671 684 1754 quibus
700 1675 872 1754 presentes
890 1668 1121 1752 ostendentur,
1138 1670 1293 1738 memorie
1312 1690 1488 1739 eommen-

361 1782 495 1868 dantes,
512 1781 602 1864 quod
617 1778 736 1846 nobilis
763 1779 812 1844 vir
830 1779 1018 1848 Dominieus
1034 1779 1193 1864 Magister
1209 1777 1486 1848 Towarnioorum

360 1895 541 1958 nostrorum
560 1888 602 1954 de
618 1906 739 1973 genere
752 1887 899 1978 Bathold
914 1887 957 1954 ah
979 1908 1045 1954 una
1062 1893 1167 1973 parte,
1184 1887 1372 1971 Stephanus
1388 1886 1485 1958 fitius

358 1999 443 2083 Jnle‚
453 1997 613 2065 Martinus
629 2001 660 2060 et
671 1997 853 2063 Demetrius
870 1995 928 2062 filii
940 1996 1070 2068 Nieulai
1082 1997 1123 2063 de
1140 2015 1259 2080 genere
1271 1995 1483 2084 Sarthyvau-

359 2107 471 2176 weehe
488 2127 529 2174 ex
554 2107 679 2190 altera,
705 2105 913 2191 presentibus
940 2105 1066 2172 Gemite
1090 2103 1219 2174 Thema
1245 2105 1311 2171 filio
1337 2105 1485 2176 Gemitis

358 2216 509 2300 Andree,
527 2214 651 2281 Gemite
667 2213 826 2281 Nitriensi
842 2219 876 2278 et
891 2213 1081 2298 Barsiensi,
1108 2221 1141 2281 et
1156 2214 1306 2300 Herryoo
1326 2212 1393 2281 tilio
1414 2213 1481 2284 Ge-

358 2323 445 2389 mitis
460 2319 543 2388 Loth
568 2320 609 2387 de
634 2338 754 2406 genere
777 2319 916 2405 Belugh‚
943 2318 1152 2404 consiliarijs
1179 2324 1301 2388 nostris
1328 2341 1389 2404 per
1414 2325 1485 2390 Re-

358 2448 456 2511 gnum
472 2429 648 2514 deputatis,
665 2431 742 2496 item
759 2425 896 2496 Nioolao
914 2427 1076 2515 Vayvoda
1098 2429 1166 2496 filio
1182 2431 1333 2511 Magistri
1350 2431 1486 2496 Mauri-

359 2536 412 2623 eij,
429 2537 586 2622 Magistro
612 2540 714 2604 Paulo
731 2538 773 2604 de
790 2537 958 2605 Romamn
982 2539 1108 2605 Gemite
1125 2541 1292 2606 Jauriensi
1317 2545 1351 2606 et
1367 2542 1487 2608 Musu-

358 2648 474 2733 riensi,
491 2649 585 2733 Moys
596 2646 756 2730 Magistro
767 2645 1031 2716 Towarnieorum
1042 2649 1174 2740 domine
1184 2647 1321 2734 Agnetis
1332 2651 1481 2737 Regine,

360 2753 554 2822 charissime
568 2752 742 2824 'eonsertis
759 2763 879 2840 nostre,
897 2756 1079 2824 Laureneio
1097 2757 1259 2842 Vayvoda
1284 2753 1349 2824 filio
1367 2758 1480 2824 Nico-

358 2862 414 2948 lai,
431 2863 588 2948 Magistro
611 2865 706 2929 Petro
732 2862 819 2929 dieto
847 2865 956 2946 Fogos
981 2865 1108 2932 Gemite
1135 2865 1345 2950 Syeulorum,
1373 2863 1482 2931 fratre

357 2970 558 3038 venerabilis
585 2969 689 3057 patris
705 2972 741 3036 P.
758 2971 819 3036 Dei.
836 2972 949 3056 graeia
970 2972 1128 3056 Episcopi
1153 2971 1398 3058 Trausylvanie
1430 2973 1481 3040 di·

358 3079 434 3144 leeti
451 3087 483 3143 et
501 3076 609 3144 fidelis
625 3080 727 3144 nestri
736 3129 745 3164 ,
775 3081 957 3146 Beronibus
973 3082 1095 3148 nostris
1122 3081 1345 3146 eoramnobis
1363 3100 1481 3166 perso-

357 3186 475 3252 naliter
492 3187 685 3269 eonstitutis,
703 3186 834 3254 fuerunt
861 3189 1004 3256 confessi
1018 3190 1215 3276 spontanei,
1241 3189 1428 3272 prudentes
1448 3197 1481 3255 et

356 3292 467 3360 idonei
482 3297 613 3360 oraeulo
629 3295 707 3362 vive
719 3296 830 3364 noeis:
850 3285 937 3377 quod
953 3300 984 3364 in
997 3298 1196 3381 quibusdam
1206 3298 1482 3384 possessionibus

357 3401 795 3485 suis'permutaeionemeseu
822 3405 984 3472 cambium
1002 3409 1111 3474 faeere
1136 3409 1260 3474 vellent
1274 3407 1480 3475 auctoritate

356 3519 470 3575 nostra
486 3509 591 3592 Regia
607 3513 790 3596 mediante,
817 3521 849 3578 et
865 3534 925 3580 nos
943 3515 1081 3611 Regium
1107 3523 1255 3582 nostrum
1282 3535 1482 3582 eonsensum

354 3615 479 3682 eisdem
495 3618 667 3686 annuimus
693 3621 787 3704 petiti
808 3640 867 3705 per
893 3620 1034 3688 eosdem.
1059 3622 1138 3707 Ipse
1165 3623 1253 3689 enim
1284 3623 1479 3708 Stephanus

356 3723 442 3790 filius
459 3725 481 3790 J
483 3725 545 3808 ule,
560 3728 747 3794 volentibus
765 3734 797 3791 et
822 3731 1106 3799 eonseneientihus
1126 3733 1266 3816 prefatis
1284 3731 1429 3798 Martino
1449 3737 1483 3798 et

356 3830 520 3899 Demetrio
536 3835 577 3900 de
602 3837 819 3918 generacione
835 3855 895 3902 sua
921 3837 1098 3907 affirmavit
1109 3890 1117 3923 ,
1136 3859 1173 3906 se
1200 3838 1382 3924 quamdam
1401 3859 1481 3924 pos-

353 3939 533 4008 sessionem
556 3959 648 4008 suam
673 3943 833 4010 Purunleu
857 3951 1008 4012 voeatam
1035 3967 1106 4012 enm
1127 3967 1187 4015 suo
1214 3947 1421 4014 Monasterio
1444 3949 1480 4014 iu

353 4047 469 4114 eadem
484 4051 693 4131 possessione
708 4059 892 4120 oonstruoto
908 4056 941 4120 in
957 4052 1052 4139 portu
1069 4056 1164 4139 Tyra
1183 4055 1424 4140 adjacentem,
1443 4056 1478 4124 iu

354 4151 517 4222 Gemitatu
533 4156 574 4222 de
591 4155 815 4244 Heres-Ujvar
831 4162 1034 4247 existentem,
1059 4183 1133 4230 eum
1150 4165 1300 4230 omnibus
1318 4160 1477 4230 utilitati·
1551 4171 1556 4189 “

354 4260 414 4325 hus
442 4269 475 4328 et
499 4265 806 4350 pertinenoijs'suis
831 4269 992 4337 uniuersis
1018 4270 1151 4337 dedisse
1167 4277 1199 4336 et
1226 4271 1412 4340 eontulisse
1443 4272 1479 4340 in

357 4371 632 4449 permutacionem
659 4381 692 4441 et
717 4375 879 4442 cambium
898 4381 1148 4461 possessionum
1173 4377 1311 4446 in'ferius
1337 4378 1481 4446 senseri-

359 4476 485 4553 ptarum
511 4478 598 4547 dioto
618 4481 788 4550 Dominioo
814 4485 974 4570 Magistro
1001 4489 1253 4556 Towarnierum
1278 4497 1481 4572 nostrorum,

359 4585 391 4642 et
406 4599 464 4662 per
480 4581 585 4666 ipsum
603 4589 671 4654 suis
685 4589 878 4676 heredibus,
906 4594 1133 4680 heredumque
1149 4615 1285 4664 suerum
1306 4616 1480 4665 successo

360 4685 449 4755 ribus
462 4691 536 4772 jure
552 4705 707 4778 perpetue
725 4706 757 4764 et
773 4700 1054 4788 inenodabiliter,
1078 4705 1231 4791 paoifioe‚
1251 4707 1431 4790 tranquille
1450 4713 1483 4775 et
