3166 5238
846 334 994 442 —l-bb-

361 547 407 614 lei
433 547 526 634 Gueg
550 548 677 634 college
702 549 826 628 nostri,
852 549 881 616 si
896 548 1030 618 eundern
1047 550 1132 619 idem
1160 554 1254 637 pater
1273 544 1484 620 venerabilis

361 655 614 745 Vesprimiensis
630 657 814 745 Episcopus
824 663 978 744 tanquam
993 679 1053 746 pro
1072 679 1133 726 sua
1149 665 1243 745 parte
1255 658 1401 744 judicem
1421 655 1486 721 du·

360 765 445 832 xerit
460 763 714 851 producendum,
732 768 914 852 prorogetis
929 767 972 836 ad
982 767 1159 837 secundum
1175 766 1262 835 diem
1277 766 1374 834 Beati
1389 765 1488 831 Luce

359 873 583 958 Euangeliste
598 872 748 959 proxime
773 881 962 962 uenturum,
988 876 1172 945 inhibentes
1198 873 1307 943 medio
1327 881 1485 958 tempere

361 982 558 1050 auctoritate
579 983 784 1069 Apostolice,
805 990 839 1051 et
855 991 965 1052 nostre
988 985 1214 1054 nichilominus
1236 981 1486 1067 Metropohtica

357 1095 534 1176 potestate,
551 1087 658 1158 eidem
671 1089 758 1176 patri
768 1091 956 1178 venerabili,
968 1100 1002 1162 et
1017 1093 1203 1163 Andronico
1219 1089 1393 1179 Proposito
1408 1092 1483 1154 Ve-

358 1198 566 1284 sprimiensi,
592 1217 632 1266 uc
657 1198 822 1268 Hermann
847 1200 962 1270 comiti
978 1202 1042 1271 ciui
1068 1202 1110 1269 de
1137 1201 1255 1270 Castro
1270 1198 1431 1285 Eudemi,
1451 1205 1487 1264 et

360 1306 438 1375 aliis
463 1306 662 1392 generaliter
688 1309 952 1398 quibuscunque,
978 1331 1020 1380 ne
1045 1331 1103 1398 per
1128 1310 1210 1376 tacti
1235 1308 1427 1394 potenciam
1447 1326 1486 1374 se

358 1414 536 1482 immittant
551 1415 595 1482 ad
611 1415 757 1487 decimes
772 1417 978 1505 occupantes
1002 1419 1089 1488 intra
1114 1417 1313 1486 territorium
1329 1415 1485 1486 ciuitatis

358 1523 446 1593 dicte
462 1524 628 1594 Budeusis
644 1527 678 1595 iu
694 1526 842 1612 frugibus
859 1531 912 1596 uel
927 1529 958 1598 iu
974 1529 1060 1610 rinc,
1077 1528 1162 1597 sicut
1178 1528 1337 1595 hactenus
1354 1524 1485 1592 nudius

357 1631 478 1700 tercius
494 1631 726 1702 miserabiliter
742 1641 776 1703 et
790 1635 917 1703 notorie
931 1635 963 1702 iu
979 1637 1150 1721 premissis
1167 1641 1282 1706 contra
1297 1632 1404 1717 ipsam
1415 1633 1485 1699 Bu-

358 1738 492 1806 densem
508 1740 693 1810 Ecclesiam
708 1759 767 1828 per
792 1741 874 1808 lecti
888 1742 1070 1828 potenciam
1086 1741 1166 1812 dicti
1185 1741 1349 1826 Prepesiti
1367 1746 1402 1806 et
1419 1741 1486 1810 Ga-

356 1846 449 1932 pituli
466 1847 625 1916 asseritur
649 1855 878 1934 acceptatum,
904 1849 1075 1934 presertim
1100 1871 1175 1920 cum
1195 1849 1300 1920 eciam
1326 1846 1485 1916 dominns

355 1964 467 2024 noster
482 1956 618 2024 Inclitus
645 1955 716 2024 Rex
740 1959 891 2026 Andreae
917 1959 1052 2045 prestita
1074 1957 1137 2026 fide
1153 1960 1186 2025 iu
1202 1977 1318 2027 manus
1342 1964 1485 2027 nostras

355 2065 543 2152 promiserit
558 2064 624 2152 ipsi
640 2063 783 2132 Budensi
807 2066 952 2134 Ecclesie
967 2065 1090 2133 liberas
1110 2073 1143 2132 et
1159 2067 1301 2154 quietas,
1317 2067 1405 2134 sicut
1422 2086 1493 2134 arr-v

354 2172 489 2254 tiquitus
506 2172 645 2257 pacifice
672 2173 901 2259 possederunt.
921 2173 989 2241 Noe
1005 2175 1088 2242 enirn
1108 2173 1292 2243 huiusmodi
1308 2173 1484 2258 postulau-

352 2288 422 2364 tes,
454 2280 510 2362 qui
537 2299 620 2347 ausu
644 2281 806 2368 sacrilego
839 2281 984 2367 prefatas
1010 2281 1156 2350 decimas
1182 2283 1224 2350 de
1256 2282 1335 2350 lacti
1360 2286 1484 2367 poten·

352 2389 405 2455 cia
431 2387 569 2456 ulterius
589 2390 848 2476 presumpserint
873 2409 1054 2476 occupare,
1079 2389 1132 2458 uel
1159 2391 1192 2457 in
1218 2392 1327 2474 aliquo
1351 2394 1483 2476 pertur-

351 2499 439 2579 bare,
456 2497 653 2563 auctoritate
669 2497 911 2584 Metropolitice
923 2504 995 2583 post
1006 2497 1264 2566 ammoniciones
1276 2496 1482 2582 multiplices

352 2605 701 2674 excommunicacionis
720 2605 849 2671 uinculo
868 2603 1082 2684 innodamus,
1103 2609 1137 2671 et
1152 2603 1289 2672 ferimus
1309 2601 1352 2670 ab
1375 2603 1481 2669 omni-

354 2713 417 2780 bus
435 2711 543 2779 arcius
560 2711 687 2780 euitari.
713 2712 755 2778 Itt
770 2713 832 2780 hoc
848 2711 934 2778 idem
953 2719 1065 2778 uestra
1091 2711 1266 2801 sinceritas
1282 2718 1483 2796 exequatur,

353 2826 389 2886 ut
405 2836 487 2904 quos
502 2817 615 2884 Diuini
632 2838 774 2887 canones
790 2821 909 2887 amalo
925 2839 987 2886 non
1003 2826 1171 2896 reuocant,
1188 2819 1340 2886 Ecclesia
1357 2820 1482 2886 saltem

354 2925 529 2994 coherceat
545 2927 707 2994 seueritas
733 2927 935 3013 disciplinis,
952 2934 1051 3012 prout
1066 2927 1099 2993 in
1115 2928 1191 2996 aliis
1216 2926 1338 2994 litteris
1355 2927 1482 2992 nestris

286 3076 288 3084 x
349 3033 539 3121 patentibus
555 3034 744 3100 continetur.
760 3037 880 3102 Datum
897 3037 931 3102 in
951 3042 1058 3102 castro
1074 3039 1133 3104 sub
1149 3041 1262 3102 monte
1278 3034 1483 3120 Saag-Sum-

352 3143 407 3207 lua
425 3141 459 3206 in
476 3139 656 3210 iestiuitate
667 3140 779 3210 Sancti
795 3141 896 3229 Regis
914 3143 1072 3230 Stephani
1088 3162 1175 3210 anuo
1192 3143 1328 3210 Domini
1338 3142 1388 3206 Μο
1404 3142 1482 3212 00⁰

352 3249 565 3335 nonagesimo
581 3258 685 3318 sexto.

383 3441 467 3514 (lmro
480 3391 650 3516 eceter‘gemt
671 3443 849 3518 prepoetnok
860 3464 1032 3520 ugysnaaon
1042 3447 1190 3522 ttrgyban
1200 3448 1319 3505 kiedott
1331 3465 1440 3520 -ugyen

559 3533 671 3590 lece-ki
683 3533 892 3610 rendeletebbl,
907 3535 977 3594 mint
990 3535 1078 3594 alteo
1097 3539 1158 3596 105.
1172 3555 1213 3596 su.
1223 3535 1263 3608 a.)

773 3831 1039 3852 *PF-‘'W-
