3166 5238
83 1271 238 1337 Homhert
254 1274 375 1337 cieooec'
393 1272 537 1360 deceptio
551 1279 799 1362 uycqtotocinya,
816 1275 893 1361 kopp
900 1273 951 1358 fio
963 1275 1064 1340 Jctoor
1079 1295 1200 1359 menop-

83 1381 319 1472 osczpnydook,
348 1380 482 1447 Beotrirr
505 1379 637 1447 Mortell
664 1382 786 1469 Kciroly
810 1385 914 1449 eziens.
939 1403 1070 1468 mappae
1094 1380 1200 1468 kirtly

120 1507 126 1520 ·
321 1488 499 1576 lednyrinalc
513 1489 717 1575 hozornduydt
732 1494 851 1559 dtoette.
868 1491 966 1554 1298.

175 1704 242 1771 Nos
253 1703 459 1788 Humbertus,
472 1705 655 1791 Delphinus
667 1705 875 1790 Viennensis,
887 1713 920 1773 st
930 1704 1130 1774 Albonensis
1141 1705 1201 1774 co-

83 1830 167 1896 mes,
181 1813 404 1898 Dominusque
415 1814 577 1900 de'l’urre²
589 1821 700 1882 notum
710 1816 848 1882 facimus
859 1813 1021 1882 uniuersis
1033 1819 1202 1898 presentes

83 1923 215 1990 litteras
230 1924 447 2010 inspecturis;
466 1926 552 2007 quod
569 1945 628 1992 nos
646 1925 838 1994 confitemur
855 1933 886 1990 et
901 1924 1031 2013 publice
1047 1942 1201 2008 recogno-

88 2030 213 2099 scimus
230 2032 315 2100 serie
340 2032 544 2120 presencium
560 2033 760 2116 litterarum,
788 2051 870 2114 quas
889 2033 1006 2114 ubique
1030 2031 1095 2101 vim
1120 2029 1202 2098 obti-

84 2159 167 2206 nere
183 2141 332 2207 volumus
349 2141 471 2225 publici
489 2141 715 2225 instrumenti,
739 2160 797 2207 nos
813 2139 970 2208 habuisse
987 2146 1019 2205 et
1037 2140 1204 2224 recepisse
1300 2156 1303 2165 ·

84 2249 214 2336 integre
232 2255 263 2315 ct
279 2251 426 2335 perfecte
443 2250 484 2314 ab
503 2248 627 2336 inclyto
637 2250 791 2334 Principe
808 2249 938 2316 domiuo
957 2249 1074 2315 Oarolo
1090 2250 1132 2316 ΙΙ.
1149 2249 1202 2316 Je-

83 2357 231 2424 rusalem
248 2364 282 2424 et
298 2358 410 2426 Sicilie
427 2358 516 2442 Rege
532 2355 662 2424 domino
688 2363 800 2425 nostro
817 2359 946 2440 dotem,
974 2374 1072 2438 quam
1099 2354 1203 2421 dictus

85 2465 239 2534 dominns
265 2466 334 2530 Rex
351 2484 386 2531 se
413 2465 562 2530 daturum
587 2465 734 2552 promisit
750 2465 865 2552 nobis,
892 2485 948 2532 seu
969 2463 1114 2532 Johsnni
1138 2464 1204 2537 lilio

85 2583 221 2658 nostro,
246 2595 306 2660 pro
323 2575 541 2644 serenissimo
568 2576 700 2642 domino
725 2576 874 2642 Beatrice
900 2575 971 2642 eius
997 2582 1111 2661 nepte,
1137 2571 1224 2640 filia-

85 2683 207 2767 inclpte
223 2683 469 2752 recordacionis
496 2683 618 2751 domini
634 2685 745 2753 Oaroli
769 2683 931 2768 qnondam
956 2683 1057 2769 Regis
1072 2683 1205 2770 Hunga·

86 2792 145 2874 rie,
164 2809 267 2858 uxore
282 2790 391 2857 lutura
403 2791 473 2874 jrsm
500 2791 579 2859 dicti
596 2792 754 2860 Johannis
776 2792 936 2862 carissimi
951 2789 1008 2856 filii
1024 2791 1147 2877 nostri;
1164 2793 1205 2856 de

88 2899 182 2986 cuins
199 2896 285 2965 dotis
311 2899 525 2984 promissione
543 2906 575 2967 et
591 2900 823 2985 assignacione
850 2906 978 2967 constat
1002 2899 1133 2984 publico
1158 2897 1205 2962 in·

4 3001 6 3012 '
89 3015 273 3075 strumento
289 3009 434 3095 sigillato
461 3010 571 3096 sigillo
587 3009 743 3096 pendenti
761 3009 884 3076 domini
900 3007 1005 3076 nostri
1024 3009 1124 3094 Regis
1140 3009 1206 3076 iem

88 3113 183 3182 dicti.
201 3115 442 3184 Renunciantes
460 3123 520 3186 etc.
548 3117 739 3203 excepcioni
756 3123 817 3184 etc.
843 3117 1024 3199 quittentes
1051 3123 1083 3182 et
1100 3113 1207 3182 absol-

88 3231 208 3290 ventes
220 3224 290 3308 jam
307 3225 429 3291 dictum
441 3226 760 3294 dominumnostrum
770 3228 894 3313 Regem
911 3231 973 3290 etc.
990 3223 1107 3291 Datum
1118 3225 1208 3312 apud

90 3332 355 3418 Gracionopolim
384 3333 437 3401 die
463 3335 537 3400 XX.
565 3332 736 3400 Februarii
764 3354 850 3400 anno
875 3333 1008 3400 Domini
1033 3331 1208 3400 millesimo

89 3439 316 3509 ducentesimo
335 3445 548 3530 nonagesimo
565 3444 712 3530 septimo,
731 3441 905 3510 undecima
921 3440 1119 3509 Indiccione.

89 3655 223 3724 (Bouche
236 3651 371 3728 Honore,
392 3659 425 3713 L'
439 3656 556 3712 histoire
579 3653 802 3731 chronologiquc
825 3659 861 3713 de
875 3657 1022 3716 Provence
1041 3653 1126 3712 &Ain
1140 3656 1211 3713 1664

374 3783 375 3788 1
448 3747 505 3818 fol,
519 3747 556 3803 11.
568 3748 627 3803 lriit.
641 3748 718 3804 1072.
732 3749 750 3802 l.
767 3749 865 3812 Ozeclr.)
