3214 5238
671 969 738 1040 121.

143 1171 210 1237 Por
225 1171 463 1257 borudtorszdpi
477 1171 548 1253 boto,
565 1179 666 1234 licscsc
682 1167 810 1256 pr‘rpp
827 1168 917 1253 tofta
930 1168 1084 1257 Mladen,
1102 1169 1270 1234 Dalmatia

145 1281 340 1344 caresciaulr
364 1278 490 1366 prcfjci
518 1301 605 1364 epp,
631 1280 663 1342 cs
686 1277 811 1342 Heornb
836 1279 976 1364 pelicani
998 1277 1080 1364 prof
1099 1283 1166 1342 onds
1191 1281 1269 1342 resz-

144 1385 201 1471 rol,
219 1385 342 1453 cslrttocl
356 1385 509 1452 bbtalcailr
525 1385 672 1471 mapolrat
681 1434 689 1467 ,
716 1386 796 1470 bopy
811 1385 1034 1470 ppcrmclccilrct
1050 1385 1245 1451 osrzeta'zast
1261 1420 1270 1430 ·

607 1493 682 1578 jdlr.
708 1492 804 1556 1300.

254 1692 293 1756 In
309 1689 440 1756 nomine
456 1689 590 1757 Domini
606 1691 722 1756 Amen.
749 1691 845 1757 Anno
863 1688 995 1759 Domini
1019 1691 1192 1758 millesimo
1209 1695 1268 1758 tre·

145 1801 344 1883 centesimo,
371 1799 563 1867 Iudleolone
578 1797 837 1881 terciadcoima‚
865 1797 920 1864 dle
936 1798 1108 1864 undecima
1125 1799 1269 1865 intrante

144 1911 305 1994 Augusto.
339 1909 457 1975 Actum
483 1908 607 1990 Salone
633 1906 847 1992 presentibus
873 1893 1011 1973 testibus
1036 1905 1268 1990 infrascriptis.

143 2019 251 2098 Quum
268 2016 413 2085 omnium
425 2017 550 2082 habere
566 2015 752 2081 memoriam
764 2015 878 2100 pocius
894 2020 944 2080 est
959 2014 1150 2082 Divinitatis
1171 2032 1267 2097 quam

144 2123 369 2208 humanitatis,
386 2124 462 2191 ideo
478 2122 576 2191 valde
592 2121 816 2189 necessarium
837 2121 1052 2206 existimatur,
1071 2130 1107 2188 ut
1124 2121 1270 2207 quelibet

143 2231 310 2299 hominum
330 2236 407 2300 acta
434 2230 527 2296 utilia
553 2228 726 2314 seripturis
753 2227 1027 2297 testimonialibus
1053 2228 1268 2296 declarentur.

144 2340 198 2408 Arl
218 2341 443 2408 universorum
460 2339 560 2426 igitur
576 2337 732 2406 noticiam
748 2337 912 2421 presentis
938 2337 1149 2406 instrumenti
1174 2337 1265 2404 testi-

144 2448 256 2516 monio
272 2447 468 2532 reducatur,
496 2446 584 2530 quod
610 2446 761 2513 Illustres
787 2453 820 2512 et
844 2444 1013 2531 Magnifici
1036 2447 1117 2530 viri,
1145 2445 1269 2513 domini

144 2555 268 2624 Paulus
285 2557 397 2622 Banus
415 2553 625 2639 Groatorum,
652 2561 685 2620 ct
701 2555 865 2640 Georgius
882 2554 1005 2644 frater,
1030 2554 1269 2637 Mladenusque

143 2664 216 2731 eius
231 2662 316 2729 filius
326 2714 334 2748 ‚
353 2663 523 2732 ciuitatum
540 2659 713 2756 Dalmacie
731 2661 877 2729 Comites
894 2681 935 2729 ex
955 2682 1019 2728 una
1038 2668 1142 2746 parte,
1160 2669 1191 2728 ct
1208 2681 1268 2728 no-

141 2771 229 2846 biles
249 2768 313 2838 viri
340 2768 462 2837 domini
489 2768 689 2853 Pongracius
716 2770 757 2836 de
782 2769 902 2853 Vipico
919 2769 1024 2855 miles,
1051 2789 1091 2836 ac
1117 2769 1268 2836 Volrious

143 2879 233 2946 lilius
250 2877 377 2947 domini
392 2877 543 2964 Hugonis
559 2875 601 2944 de
618 2874 786 2960 Deuonio,
804 2877 906 2942 ceteri
922 2877 1032 2962 nuncij
1049 2876 1190 2944 Illustris
1207 2861 1269 2943 riri

145 2986 270 3056 domini
294 2983 428 3054 Henrici
453 2984 589 3052 Comitis
607 2984 750 3067 Goricie,
778 2984 820 3050 de
848 2985 1017 3054 uoluntate
1043 2991 1076 3051 et
1100 3004 1266 3052 consensu

146 3095 351 3164 dominorum
367 3093 545 3162 Illustrium
563 3093 692 3160 Albcrti
708 3094 833 3178 patris,
856 3099 889 3160 et
904 3093 1031 3160 Alberti
1043 3091 1184 3179 junioris
1203 3092 1268 3158 ira·

145 3205 206 3285 tris
231 3204 319 3289 eius,
346 3203 507 3271 Comitum
532 3187 694 3286 solempni
719 3202 900 3287 scriptione
920 3198 1009 3290 (lgy‚
1037 3199 1268 3288 stipulacione)
1342 3187 1346 3193 ¹

146 3315 374 3402 promiserunt,
393 3310 459 3395 qud
476 3311 505 3378 si
523 3311 631 3379 dictus
649 3310 801 3378 dominus
816 3313 938 3378 Paulus
958 3307 1079 3395 Barrus,
1092 3312 1147 3378 vel
1164 3311 1265 3378 domi-

146 3443 211 3490 nus
226 3421 386 3506 Georgius
403 3419 507 3486 frater
523 3419 604 3501 eius,
622 3419 740 3489 Gomcs
756 3419 938 3500 Dalmacie,
951 3419 1004 3485 vel
1020 3418 1270 3488 dominororu-

146 3529 252 3597 denus
268 3530 385 3597 Gomes
395 3577 405 3612 ‚
431 3525 513 3596 dicti
528 3525 651 3593 domiui
665 3528 761 3624 l³auli
786 3528 865 3594 bani
882 3526 987 3610 filius,
1014 3525 1102 3596 infra
1122 3529 1270 3614 spacium

145 3659 206 3706 sex
222 3653 378 3714 annorum
394 3634 486 3718 prius
502 3633 686 3702 futurorum
701 3633 802 3702 filiam
818 3633 953 3701 habebit
969 3617 1170 3714 legitimam,
1195 3655 1269 3701 cum

147 3748 222 3831 ipsa
238 3741 306 3810 lilia
333 3748 365 3807 et
389 3742 457 3810 filio
485 3741 667 3827 supradicti
684 3743 808 3810 domini
822 3741 956 3810 Henrici
980 3741 1118 3808 Gomitis
1139 3743 1269 3811 Goricie

102 3849 109 3854 ’
147 3849 322 3939 Raynaldo
338 3852 469 3918 nomine
495 3850 749 3918 matrimonialis
772 3853 889 3935 copula
914 3853 1130 3918 contrahetur.
1156 3851 1223 3916 Aut
1241 3853 1270 3919 si

148 3961 253 4028 dictus
271 3960 388 4028 Gomes
404 3958 566 4026 Henrieus
592 3959 728 4028 habebit
744 3959 845 4026 filiam
861 3960 1042 4044 legitimam
1059 3979 1131 4028 cum
1147 3980 1211 4032 ,vno
1228 3979 1269 4026 ex

148 4068 228 4154 filijs
244 4067 450 4136 dominorum
466 4067 550 4136 Banl
566 4068 681 4152 Pauli,
699 4067 751 4134 vel
769 4068 908 4137 Comitis
921 4069 1061 4153 'Georgij
1082 4067 1192 4134 fratris
1209 4067 1269 4150 sui,
1389 4102 1392 4108 -

147 4183 204 4246 aut
220 4175 367 4252 Mladeni
391 4175 472 4242 dicti
497 4173 622 4243 domini
637 4176 735 4245 Pauli
750 4177 834 4246 Bani
854 4175 913 4262 filij
932 4174 1170 4243 matrimonium
1195 4195 1271 4246 con·

147 4285 305 4354 trahetur.
330 4285 475 4366 Proque
501 4284 709 4352 matrimonio
735 4281 936 4351 attendendo
961 4282 1122 4367 sepedicti
1147 4282 1271 4350 domini

147 4395 274 4460 Paulus
291 4395 401 4476 Bonus
418 4393 630 4477 croatorum,
658 4399 691 4459 et
707 4383 868 4478 Georgius
885 4393 1001 4462 Comes
1018 4389 1191 4458 Dalmacie
1208 4393 1271 4458 fra·
1298 4395 1302 4401 '
1410 4396 1414 4399 ’

143 4508 199 4567 ter
209 4502 305 4586 eius,
321 4519 361 4567 ac
378 4500 551 4569 Mladenus
561 4555 570 4590 ‚
589 4501 670 4571 dieti
688 4501 807 4571 domiui
825 4500 918 4568 Pauli
934 4497 1019 4568 Bani
1041 4498 1126 4566 lilius
1143 4501 1268 4582 Gomes,

147 4608 360 4694 prestiterunt
377 4609 470 4676 tactis
487 4609 721 4678 sacrosanctis
737 4609 932 4694 Euangelijs
951 4607 1164 4694 corporaliter
1176 4606 1267 4690 jura·
