3166 5238
907 334 972 404 206

379 535 522 605 bonatus.
535 539 654 606 Datum
665 553 722 623 per
736 553 851 604 manus
869 533 1002 602 disereti
1018 532 1079 602 uiri
1095 529 1244 616 magistri
1261 525 1416 597 Ladiniai
1431 525 1499 592 Pre

378 646 478 732 positi
495 643 695 732 Tytulensis,
707 643 783 710 aule
799 649 907 710 nostre
919 637 1225 723 Viuo-Ganoeiiarij,
1244 633 1360 705 dileoti
1376 638 1411 702 et
1426 633 1499 700 fide-

380 753 421 820 lis
438 757 550 840 nostri,
568 772 653 822 auno
673 750 804 820 Domini
831 752 879 820 Μο
895 749 966 820 00⁰
982 745 1195 832 nonagesimo
1210 763 1308 826 nono,
1326 744 1497 830 quintode·

381 861 465 929 rimo
481 861 643 930 kalendas
660 859 845 945 Februarij,
861 856 967 945 Regni
982 861 1091 927 autern
1107 851 1211 920 nostri
1226 871 1313 922 nuno
1329 871 1429 920 nono.

382 1053 528 1124 (Rredetie
550 1051 608 1108 ab.
628 1049 811 1124 Wesselenyi
834 1049 932 1108 usalid
955 1047 1161 1110 rovelttrtban.
1182 1051 1274 1110 Viiriis
1297 1046 1329 1106 es
1353 1046 1443 1122 sirgs
1462 1066 1499 1104 se-

386 1143 600 1212 iromusinorrol
623 1142 740 1216 fuggott
761 1142 889 1214 peosttJe
903 1141 1061 1198 leszakadt.
1075 1141 1154 1197 Euen
1176 1140 1321 1198 okievelet
1343 1138 1498 1196 Rolindts

382 1233 434 1288 rol
447 1231 562 1289 resuere
585 1229 680 1288 itirva
701 1229 765 1301 rijra
787 1231 889 1288 kiudta
903 1231 923 1288 Ι.
938 1231 1048 1303 Ktroly
1071 1233 1227 1300 lert-ben,
1252 1231 1328 1303 mely
1354 1230 1499 1286 itiratnak

382 1322 517 1379 teetverei
530 1323 635 1378 kirniil
649 1321 765 1380 stetten
779 1340 922 1397 egymaga
935 1322 1048 1380 maradt
1060 1323 1171 1378 Rortnd
1191 1320 1304 1378 resuere
1319 1321 1463 1376 rese-ban
1480 1322 1499 1375 Ι.

384 1411 493 1483 Kiroly
513 1410 584 1470 sitsi
605 1412 719 1470 kiadntt
741 1412 830 1484 rijabb
855 1411 963 1472 itirats
985 1411 1097 1470 sainten
1107 1429 1261 1485 megrana
1279 1413 1308 1468 b.
1321 1411 1502 1481 Wesselenyi

671 1502 770 1560 ossltd
784 1503 993 1562 leveltiriban.
1007 1505 1088 1560 Santi
1102 1503 1222 1572 Kurnty.)

811 1793 1075 1804 -ι--ο--κ

912 2333 988 2401 138.

390 2519 454 2582 III.
472 2516 694 2603 Errdreloircily
704 2538 725 2580 a
741 2515 847 2580 tatami
865 2514 1029 2580 lakoaokat
1037 2512 1186 2599 folmeati
1201 2537 1279 2580 ozon
1299 2515 1506 2600 k'o'teiezettaiy

389 2624 463 2706 aiot,
474 2623 631 2689 minuerint
647 2647 667 2688 ο
676 2623 887 2710 hircilyuenak
896 2621 1039 2687 eneokirrt
1048 2621 1309 2709 bizonyouazomrt
1325 2623 1503 2690 monstrabis

726 2729 878 2818 adriq‘ovol
894 2730 1061 2796 tartoztok.
1078 2731 1176 2798 1299.

453 2959 457 2968 ·
495 2932 649 3000 Andreas
667 2931 731 2998 Dei
756 2930 871 3014 grania
887 2932 957 2998 Rex
975 2929 1146 3016 Hungarie
1163 2935 1224 2996 eto.
1251 2931 1412 2999 memorie
1429 2950 1507 2999 oom-

387 3030 578 3108 mendamus
595 3046 710 3108 tenore
725 3041 932 3126 presencium
950 3040 1067 3122 quibus
1078 3037 1212 3126 expedit
1230 3040 1408 3125 universis,
1425 3036 1507 3123 quod

389 3149 543 3218 Detrinus
561 3147 677 3216 (tomes
694 3147 736 3215 de
753 3147 835 3214 villa
850 3147 978 3215 Felium
994 3167 1063 3233 suo,
1080 3154 1327 3231 oeterorumque
1344 3146 1508 3235 hospitum

391 3257 433 3322 de
449 3258 536 3324 diota
552 3258 634 3324 villa
649 3257 798 3342 partium
819 3263 1003 3324 nostrarum
1025 3245 1349 3340 Traussylvanarum
1375 3257 1509 3324 nomini·

389 3367 450 3432 bus
468 3373 502 3434 et
516 3367 551 3434 in
567 3365 739 3450 personis,
766 3371 911 3433 nostrate
939 3363 1102 3433 annedens
1128 3365 1269 3450 Regiam
1290 3366 1509 3432 serenitatem

391 3477 565 3559 querulose
589 3475 683 3544 nobis
709 3478 878 3561 exposuit,
896 3475 1003 3561 quod,
1029 3475 1179 3559 quamuis
1205 3473 1284 3541 dieti
1303 3475 1459 3561 hospites
1475 3495 1510 3542 er

388 3585 600 3654 consessione
616 3584 739 3652 domini
756 3583 918 3667 quondam
935 3586 1015 3653 Bele
1032 3585 1131 3669 Regis
1148 3583 1318 3670 Hungarie
1334 3581 1510 3672 predeces-

388 3693 472 3762 soris
489 3694 594 3762 nostri
610 3693 716 3760 felinis
741 3693 986 3762 recordationis
996 3743 1005 3778 ‚
1023 3697 1066 3762 ab
1088 3714 1187 3762 onero
1206 3696 1467 3782 prestantiorem
1481 3695 1510 3760 in

389 3821 482 3870 usum
499 3801 700 3869 dominarum
711 3803 910 3886 Reginorum
921 3805 1058 3890 pellium
1073 3803 1259 3889 felinorum,
1276 3803 1319 3871 ob
1337 3805 1428 3887 qnod
1446 3823 1511 3892 spe-

389 3909 467 3977 niali
482 3909 676 3996 privilegio,
701 3911 898 3994 nomineque
923 3913 1002 3982 ville
1018 3913 1131 3980 felium
1152 3913 1196 3978 ab
1211 3913 1313 3980 inioio
1331 3914 1511 3980 mansionis

390 4019 566 4086 eorundem
582 4018 747 4104 hospitum
766 4039 807 4085 ex
823 4022 947 4106 Regum
972 4022 1172 4089 liberalitate
1190 4021 1305 4089 donati
1322 4022 1422 4090 fuero
1432 4076 1441 4109 ,
1460 4021 1512 4088 ab·

393 4127 491 4192 soluti
515 4127 701 4194 habeantur
726 4134 759 4194 et
783 4131 947 4216 exempti,
974 4129 1186 4198 nihilominus
1209 4137 1323 4198 tamen
1350 4129 1511 4218 Vayrodn
1579 4143 1580 4154 ¹

392 4239 501 4298 noster
515 4235 548 4299 in
565 4235 715 4320 partibus
732 4235 800 4304 illis
817 4239 1023 4324 constitutus,
1034 4240 1197 4308 etsinulla
1214 4259 1315 4326 super
1325 4261 1386 4308 eos
1405 4248 1511 4309 auoto-

392 4337 488 4404 ritate
504 4343 649 4424 preditus
659 4391 668 4425 ,
693 4362 773 4409 onus
789 4341 823 4408 id
840 4345 884 4412 ab
901 4347 950 4413 eis
965 4367 1060 4432 porro
1080 4367 1208 4433 quoque
1234 4354 1442 4432 extorquere
1461 4369 1509 4416 no·

394 4446 461 4506 stro
478 4447 537 4510 sub
554 4451 684 4516 nomine
710 4457 744 4516 et
769 4457 921 4535 pretextu
947 4465 1106 4540 pergeret.
1135 4457 1219 4523 Hine
1235 4477 1297 4525 nos
1313 4459 1422 4543 Regie
1442 4457 1511 4523 oiim

392 4547 603 4620 liberalitatis
619 4554 830 4640 fideliumque
846 4562 1023 4630 eorundem
1040 4554 1205 4650 hospitum
1222 4565 1442 4634 servitiorum
1453 4586 1510 4632 me-

393 4673 518 4738 mores,
545 4660 678 4728 eosdem
704 4665 747 4731 ab
765 4669 851 4734 omni
875 4669 937 4739 hoo
962 4691 1094 4740 munere
1113 4675 1148 4742 in
1175 4680 1376 4762 perpetuum
1404 4677 1513 4743 iterum
