3262 5242
117 1213 150 1280 Α
166 1217 337 1301 oeczpre'mt'
351 1215 507 1304 laptulan
517 1216 787 1302 bizooyeeiplevelo,
804 1215 884 1302 kopp
902 1217 1038 1302 Kiapaui
1052 1217 1153 1281 Dones
1167 1213 1245 1303 prof
1289 1217 1292 1224 ’

126 1325 290 1410 Veezprem
314 1324 467 1390 edocebant
492 1323 560 1390 leoli
574 1324 667 1390 tollet
681 1324 747 1389 Pol
764 1326 876 1390 laetat
888 1327 1079 1414 pre‘poetnolo
1095 1325 1245 1414 daoloyo-

582 1437 670 1520 ettjo.
688 1434 787 1500 1290.

228 1643 300 1719 ¹Nos
317 1650 475 1734 magister
491 1650 530 1715 A.
547 1651 749 1736 Propositus,
766 1656 799 1716 et
814 1651 999 1737 Capitulum
1019 1652 1244 1737 Vesprimien-

120 1761 169 1828 sis
188 1760 337 1825 Ecclesie
355 1760 469 1826 damus
486 1780 545 1843 pro
563 1761 737 1842 memoria,
765 1762 852 1844 quod
878 1760 996 1828 (lomes
1016 1760 1187 1830 Dionisius
1204 1762 1245 1828 de

122 1869 267 1952 liingus,
285 1867 385 1934 frater
402 1869 496 1936 Pauli
513 1869 677 1951 quondam
698 1869 851 1937 cantoris
868 1869 1017 1934 Ecclesie
1035 1874 1158 1953 nostre,
1176 1869 1246 1934 fun·

121 1979 322 2059 domenum,
340 1996 413 2044 cum
429 1978 578 2044 omnibus
596 1977 746 2044 domibus
763 1999 803 2045 ae
826 1977 963 2045 edificiis
989 1978 1023 2043 in
1045 1976 1163 2046 codem
1181 1979 1247 2045 exi·

121 2084 298 2168 stentibus,
316 2105 412 2168 quem
431 2084 530 2152 habet
544 2086 576 2150 in
595 2086 729 2153 ciuitate
747 2086 994 2174 vesprimiensi,
1013 2086 1143 2171 pignori
1162 2091 1248 2152 retu·

121 2197 160 2262 lit
180 2195 349 2280 obligasse
364 2195 589 2263 virodiscreto
607 2197 765 2278 magistro
777 2194 1062 2279 PauloPreposito
1083 2195 1244 2261 Hanteusi

121 2305 216 2375 socio
234 2312 267 2370 et
283 2304 506 2370 concanonico
532 2311 664 2385 nostro,
691 2325 749 2390 pro
767 2304 940 2370 duodecim
967 2303 1079 2386 pensis
1097 2303 1249 2371 denario·

120 2433 195 2479 rum
213 2411 444 2480 Viennensium
462 2433 501 2478 ac
513 2414 630 2480 decem
642 2411 798 2498 denariis,
816 2413 964 2500 plenarie
976 2412 1120 2498 receptis
1136 2412 1179 2476 ab
1194 2431 1250 2481 eo·

121 2522 212 2604 dem,
231 2521 352 2590 afesto
369 2522 463 2586 Beati
480 2521 632 2606 Georgij,
659 2521 691 2586 in
709 2522 824 2588 eodem
852 2520 936 2588 sesto
952 2527 1025 2604 post
1045 2520 1128 2588 duos
1145 2541 1250 2588 annos

121 2629 370 2713 redimendum,
397 2649 508 2696 eoram
525 2631 640 2714 nobis,
667 2649 739 2696 cum
756 2628 898 2713 pecunia
914 2635 1109 2713 prenotata3
1127 2629 1157 2694 si
1173 2649 1252 2696 vero

121 2741 288 2824 completo
303 2740 378 2825 ipso
396 2741 526 2808 biennio
542 2760 606 2808 non
623 2739 809 2820 redemerit,
827 2747 946 2806 extunc
967 2739 1114 2806 incurret
1129 2757 1251 2822 penam

124 2847 242 2936 dupli,
267 2850 462 2916 necessitate
487 2848 700 2933 obligationis
725 2848 812 2915 facte
838 2867 949 2913 corum
973 2845 1068 2913 nobis
1093 2866 1153 2933 per
1177 2866 1253 2915 eun·

125 2957 214 3024 dem.
240 2953 362 3024 Datum
377 2959 411 3025 iu
428 2957 513 3026 festo
530 2955 645 3024 Sancti
662 2954 801 3038 Georgii
816 2940 991 3038 Martyris,
1017 2973 1103 3020 anno
1119 2953 1254 3022 Domini

124 3067 175 3132 Μο
192 3065 266 3136 00⁰
281 3069 504 3152 nonagesimo.

319 3297 468 3370 (Ercdetie
482 3315 499 3354 e
512 3295 673 3368 vesnpremi
686 3293 827 3368 ktptalan
841 3291 1064 3364 terelttrsban.)

557 3617 831 3633 w
902 3619 911 3634 f
