3262 5242
912 309 957 378 40

367 511 478 592 nibus,
498 510 690 596 comitibus,
707 509 820 597 Banis,
837 507 1024 577 Beronibus
1041 527 1081 575 ae
1091 506 1259 576 universis
1274 503 1399 572 Obristi
1415 497 1493 567 fide·

369 621 455 686 libus
469 637 528 705 per
543 621 689 705 Regnum
712 620 858 706 ngarie
877 617 1070 687 constitutis.

369 815 431 890 (IV.
444 815 550 873 lliklor
562 813 641 890 pspa
652 815 851 890 Begestiibbl,
861 812 1035 872 Theiusruel
1048 816 1087 872 id.
1097 833 1134 870 m.
1147 815 1169 869 Ι.
1181 813 1242 868 ket.
1256 810 1320 870 370.
1332 811 1352 865 l.
1365 809 1393 863 Δ
1406 804 1494 884 papt-

368 908 427 965 nak
439 906 531 964 linos
543 905 714 980 pllspbkbea
724 905 1177 1066 ειόζὲῐωίξὶιιιςγῐέεζὸοἰινῖεὴιῑὸ
1187 899 1323 972 Fejerndl
1333 897 1406 956 eoo.
1417 897 1495 970 Dipl.

908 1823 968 1889 26.

373 2022 395 2084 Ι
399 2021 433 2088 V.
448 2019 567 2086 Miletos
577 2023 670 2106 pcipe
685 2020 818 2086 Milesio
839 2022 917 2086 Uror
933 2021 1040 2085 Idaea
1057 2021 1193 2086 ozerbiot'
1217 2019 1339 2104 tiratpe
1354 2041 1396 2082 az
1425 2039 1504 2104 apo-

534 2127 608 2193 stoli
624 2129 694 2192 eaelo
709 2129 839 2192 kttlbob's
848 2128 1040 2218 pdrp‘opdaa
1056 2129 1112 2192 ala
1122 2129 1210 2194 vead.
1222 2129 1322 2194 1291.

482 2325 638 2394 Nieolaus
664 2326 846 2412 Episoopus
864 2345 977 2394 seruus
994 2346 1163 2396 seruorum
1182 2325 1247 2393 Dei
1275 2325 1455 2392 carissimo
1472 2325 1505 2390 iu

375 2434 505 2502 Christo
522 2433 590 2500 lilio
606 2433 776 2520 Stephano
793 2435 876 2517 Regi
890 2435 1004 2504 Servio
1020 2432 1144 2500 Illustri
1159 2435 1347 2501 salutemet
1361 2433 1504 2517 Aposto-

375 2543 472 2610 lioam
490 2541 763 2610 benedietionem.
786 2542 917 2620 Quanto
932 2543 1093 2610 devotiori
1119 2542 1228 2610 studio
1246 2543 1505 2609 Saorosauotam

375 2654 556 2718 Romanam
584 2650 768 2716 Eeelasiam
795 2653 974 2734 revereris,
1000 2656 1121 2733 quanto
1146 2649 1356 2735 propensiori
1381 2647 1506 2714 affeetu

376 2759 548 2843 eonsurgis
573 2757 618 2823 ad
643 2765 757 2824 nostra
783 2767 816 2825 et
839 2760 944 2842 ipsius
968 2759 1117 2827 Eeolesie
1143 2757 1360 2841 beneplacita
1385 2775 1502 2842 prose·

377 2863 518 2949 quenda,
534 2871 628 2932 tanto
644 2867 732 2932 eirea
756 2871 845 2930 tuum
863 2874 896 2932 et
914 2866 1019 2951 Regni
1043 2866 1092 2931 tui
1115 2872 1238 2932 statum
1254 2885 1455 2952 prosperum
1472 2866 1505 2930 in
1621 2939 1622 2960 ἦ

376 2979 545 3060 posterum
563 2974 825 3041 conservandum
850 2973 1005 3058 libentius
1033 2975 1219 3058 Apostoliei
1236 2973 1387 3059 presidia
1414 2976 1506 3041 favo-

377 3083 423 3149 ris
440 3081 635 3168 apponimus
662 3081 727 3146 tuis
754 3080 954 3165 providendo
980 3082 1174 3149 utilitatibus
1196 3087 1230 3149 et
1255 3082 1508 3168 indempnitati-
1621 3097 1622 3104 ¹

378 3194 440 3258 bus
455 3188 673 3276 precavendo.
697 3186 741 3253 Ut
756 3189 855 3273 igitur
879 3191 982 3257 nostri
998 3211 1129 3257 manum
1153 3192 1271 3258 auxilii
1295 3200 1355 3258 tua
1372 3190 1507 3260 Sereni-

377 3309 431 3368 tas
448 3299 512 3366 sibi
527 3297 650 3364 sentiat
665 3299 698 3364 iu
714 3295 783 3363 suis
811 3298 1084 3382 oportunitatibus
1110 3299 1339 3367 favorabiliter
1365 3299 1506 3368 adiutri-

378 3427 469 3485 eem,
494 3425 668 3490 personam
698 3413 788 3471 tuam
814 3411 846 3472 ot
860 3407 1006 3489 Regnum
1023 3415 1114 3474 tuum
1131 3427 1202 3472 enm
1219 3407 1425 3493 eivitatibus,
1450 3430 1506 3477 ea·

379 3515 467 3598 stris,
483 3514 589 3596 terris,
614 3499 702 3582 villis
728 3516 761 3576 et
784 3511 992 3597 bonissaliis
1017 3534 1080 3597 que
1104 3517 1394 3599 impresentiarum
1421 3517 1510 3585 iuste

380 3631 415 3690 et
431 3620 670 3690 rationabiliter
684 3620 856 3706 possides,
873 3621 932 3688 sub
948 3622 1043 3690 Beati
1064 3623 1153 3689 Petri
1169 3632 1203 3691 et
1220 3631 1337 3692 nostra
1351 3626 1510 3710 preteeti-

382 3750 448 3800 oue
464 3728 681 3814 suseipimus‚
698 3735 731 3794 et
746 3728 909 3812 presentis
925 3729 1039 3812 seripti
1058 3733 1239 3815 patroeinio
1257 3732 1511 3816 communimus,

381 3845 586 3923 statuentes,
611 3840 648 3902 ut
663 3855 704 3902 ea
720 3835 830 3900 omnia
857 3833 985 3919 integra
1000 3845 1219 3920 permaneant
1234 3846 1267 3906 et
1293 3839 1423 3924 quieta,
1450 3862 1511 3910 neo

381 3945 556 4030 qnisquam
581 3944 616 4008 iu
631 3939 695 4008 hiis
710 3948 743 4007 te
767 3942 956 4027 perturbare
980 3952 1147 4026 presumat
1172 3953 1230 4014 aut
1255 3948 1510 4030 quomodolibet

381 4055 566 4122 molestare.
590 4048 682 4116 Nulli
698 4067 776 4132 ergo
792 4059 853 4113 ete.
870 4055 979 4116 nostre
1005 4052 1217 4138 protensionis
1243 4064 1276 4121 et
1300 4056 1512 4126 constitutio·

372 4162 435 4230 nis
450 4167 512 4228 eto.
528 4161 649 4228 Datum
665 4157 755 4242 apud
782 4157 1066 4227 Urbem-Veterem
1092 4158 1205 4228 Idibus
1230 4163 1353 4249 Martii,
1371 4165 1511 4236 Pontifi-

383 4276 477 4339 uatus
493 4270 596 4338 nostri
612 4287 698 4335 anuo
714 4275 839 4352 quarto.

477 4463 536 4538 (iv.
548 4462 656 4520 unios
667 4459 746 4537 papa
758 4459 947 4532 aegestate
959 4449 1082 4519 unsrun
1099 4461 1136 4518 ro.
1150 4484 1187 4522 m.
1200 4467 1222 4524 1.
1235 4467 1296 4526 nee.
1307 4467 1374 4528 eus.
1385 4469 1419 4550 r)

847 4727 1038 4737 μ’*
